%YAML 1.1
%TAG !u! tag:unity3d.com,2011:
--- !u!1001 &545429243116715970
PrefabInstance:
  m_ObjectHideFlags: 0
  serializedVersion: 2
  m_Modification:
    m_TransformParent: {fileID: 5317047743453680138}
    m_Modifications:
    - target: {fileID: 5204218880780459207, guid: 2aed6b0f5b6d5fe4292eeee27b1352e9,
        type: 3}
      propertyPath: m_Name
      value: SmallObstacle
      objectReference: {fileID: 0}
    - target: {fileID: 5204218880780459200, guid: 2aed6b0f5b6d5fe4292eeee27b1352e9,
        type: 3}
      propertyPath: m_LocalPosition.x
      value: 80
      objectReference: {fileID: 0}
    - target: {fileID: 5204218880780459200, guid: 2aed6b0f5b6d5fe4292eeee27b1352e9,
        type: 3}
      propertyPath: m_LocalPosition.y
      value: 0
      objectReference: {fileID: 0}
    - target: {fileID: 5204218880780459200, guid: 2aed6b0f5b6d5fe4292eeee27b1352e9,
        type: 3}
      propertyPath: m_LocalPosition.z
      value: 0
      objectReference: {fileID: 0}
    - target: {fileID: 5204218880780459200, guid: 2aed6b0f5b6d5fe4292eeee27b1352e9,
        type: 3}
      propertyPath: m_LocalRotation.x
      value: -0
      objectReference: {fileID: 0}
    - target: {fileID: 5204218880780459200, guid: 2aed6b0f5b6d5fe4292eeee27b1352e9,
        type: 3}
      propertyPath: m_LocalRotation.y
      value: -0
      objectReference: {fileID: 0}
    - target: {fileID: 5204218880780459200, guid: 2aed6b0f5b6d5fe4292eeee27b1352e9,
        type: 3}
      propertyPath: m_LocalRotation.z
      value: -0
      objectReference: {fileID: 0}
    - target: {fileID: 5204218880780459200, guid: 2aed6b0f5b6d5fe4292eeee27b1352e9,
        type: 3}
      propertyPath: m_LocalRotation.w
      value: 1
      objectReference: {fileID: 0}
    - target: {fileID: 5204218880780459200, guid: 2aed6b0f5b6d5fe4292eeee27b1352e9,
        type: 3}
      propertyPath: m_RootOrder
      value: 14
      objectReference: {fileID: 0}
    - target: {fileID: 5204218880780459200, guid: 2aed6b0f5b6d5fe4292eeee27b1352e9,
        type: 3}
      propertyPath: m_LocalEulerAnglesHint.x
      value: 0
      objectReference: {fileID: 0}
    - target: {fileID: 5204218880780459200, guid: 2aed6b0f5b6d5fe4292eeee27b1352e9,
        type: 3}
      propertyPath: m_LocalEulerAnglesHint.y
      value: 0
      objectReference: {fileID: 0}
    - target: {fileID: 5204218880780459200, guid: 2aed6b0f5b6d5fe4292eeee27b1352e9,
        type: 3}
      propertyPath: m_LocalEulerAnglesHint.z
      value: 0
      objectReference: {fileID: 0}
    m_RemovedComponents: []
  m_SourcePrefab: {fileID: 100100000, guid: 2aed6b0f5b6d5fe4292eeee27b1352e9, type: 3}
--- !u!1001 &709334605625124757
PrefabInstance:
  m_ObjectHideFlags: 0
  serializedVersion: 2
  m_Modification:
    m_TransformParent: {fileID: 5317047743453680138}
    m_Modifications:
    - target: {fileID: 5204218880780459207, guid: bf92823758b06614095cf630fd7bee4a,
        type: 3}
      propertyPath: m_Name
      value: bigobstacle (1)
      objectReference: {fileID: 0}
    - target: {fileID: 5204218880780459200, guid: bf92823758b06614095cf630fd7bee4a,
        type: 3}
      propertyPath: m_LocalPosition.x
      value: -30
      objectReference: {fileID: 0}
    - target: {fileID: 5204218880780459200, guid: bf92823758b06614095cf630fd7bee4a,
        type: 3}
      propertyPath: m_LocalPosition.y
      value: 0
      objectReference: {fileID: 0}
    - target: {fileID: 5204218880780459200, guid: bf92823758b06614095cf630fd7bee4a,
        type: 3}
      propertyPath: m_LocalPosition.z
      value: 3
      objectReference: {fileID: 0}
    - target: {fileID: 5204218880780459200, guid: bf92823758b06614095cf630fd7bee4a,
        type: 3}
      propertyPath: m_LocalRotation.x
      value: -0
      objectReference: {fileID: 0}
    - target: {fileID: 5204218880780459200, guid: bf92823758b06614095cf630fd7bee4a,
        type: 3}
      propertyPath: m_LocalRotation.y
      value: -0
      objectReference: {fileID: 0}
    - target: {fileID: 5204218880780459200, guid: bf92823758b06614095cf630fd7bee4a,
        type: 3}
      propertyPath: m_LocalRotation.z
      value: -0
      objectReference: {fileID: 0}
    - target: {fileID: 5204218880780459200, guid: bf92823758b06614095cf630fd7bee4a,
        type: 3}
      propertyPath: m_LocalRotation.w
      value: 1
      objectReference: {fileID: 0}
    - target: {fileID: 5204218880780459200, guid: bf92823758b06614095cf630fd7bee4a,
        type: 3}
      propertyPath: m_RootOrder
      value: 26
      objectReference: {fileID: 0}
    - target: {fileID: 5204218880780459200, guid: bf92823758b06614095cf630fd7bee4a,
        type: 3}
      propertyPath: m_LocalEulerAnglesHint.x
      value: 0
      objectReference: {fileID: 0}
    - target: {fileID: 5204218880780459200, guid: bf92823758b06614095cf630fd7bee4a,
        type: 3}
      propertyPath: m_LocalEulerAnglesHint.y
      value: 0
      objectReference: {fileID: 0}
    - target: {fileID: 5204218880780459200, guid: bf92823758b06614095cf630fd7bee4a,
        type: 3}
      propertyPath: m_LocalEulerAnglesHint.z
      value: 0
      objectReference: {fileID: 0}
    m_RemovedComponents: []
  m_SourcePrefab: {fileID: 100100000, guid: bf92823758b06614095cf630fd7bee4a, type: 3}
--- !u!1001 &788257407540084803
PrefabInstance:
  m_ObjectHideFlags: 0
  serializedVersion: 2
  m_Modification:
    m_TransformParent: {fileID: 5317047743453680138}
    m_Modifications:
    - target: {fileID: 5530970958531470979, guid: 3578eddbefbeb384c8207d4df9bb51ff,
        type: 3}
      propertyPath: m_Name
      value: bigswamp (1)
      objectReference: {fileID: 0}
    - target: {fileID: 7924363384054682348, guid: 3578eddbefbeb384c8207d4df9bb51ff,
        type: 3}
      propertyPath: m_LocalPosition.x
      value: 35
      objectReference: {fileID: 0}
    - target: {fileID: 7924363384054682348, guid: 3578eddbefbeb384c8207d4df9bb51ff,
        type: 3}
      propertyPath: m_LocalPosition.y
      value: 0
      objectReference: {fileID: 0}
    - target: {fileID: 7924363384054682348, guid: 3578eddbefbeb384c8207d4df9bb51ff,
        type: 3}
      propertyPath: m_LocalPosition.z
      value: 8
      objectReference: {fileID: 0}
    - target: {fileID: 7924363384054682348, guid: 3578eddbefbeb384c8207d4df9bb51ff,
        type: 3}
      propertyPath: m_LocalRotation.x
      value: -0
      objectReference: {fileID: 0}
    - target: {fileID: 7924363384054682348, guid: 3578eddbefbeb384c8207d4df9bb51ff,
        type: 3}
      propertyPath: m_LocalRotation.y
      value: -0
      objectReference: {fileID: 0}
    - target: {fileID: 7924363384054682348, guid: 3578eddbefbeb384c8207d4df9bb51ff,
        type: 3}
      propertyPath: m_LocalRotation.z
      value: -0
      objectReference: {fileID: 0}
    - target: {fileID: 7924363384054682348, guid: 3578eddbefbeb384c8207d4df9bb51ff,
        type: 3}
      propertyPath: m_LocalRotation.w
      value: 1
      objectReference: {fileID: 0}
    - target: {fileID: 7924363384054682348, guid: 3578eddbefbeb384c8207d4df9bb51ff,
        type: 3}
      propertyPath: m_RootOrder
      value: 22
      objectReference: {fileID: 0}
    - target: {fileID: 7924363384054682348, guid: 3578eddbefbeb384c8207d4df9bb51ff,
        type: 3}
      propertyPath: m_LocalEulerAnglesHint.x
      value: 0
      objectReference: {fileID: 0}
    - target: {fileID: 7924363384054682348, guid: 3578eddbefbeb384c8207d4df9bb51ff,
        type: 3}
      propertyPath: m_LocalEulerAnglesHint.y
      value: 0
      objectReference: {fileID: 0}
    - target: {fileID: 7924363384054682348, guid: 3578eddbefbeb384c8207d4df9bb51ff,
        type: 3}
      propertyPath: m_LocalEulerAnglesHint.z
      value: 0
      objectReference: {fileID: 0}
    m_RemovedComponents: []
  m_SourcePrefab: {fileID: 100100000, guid: 3578eddbefbeb384c8207d4df9bb51ff, type: 3}
--- !u!1001 &901580648846369019
PrefabInstance:
  m_ObjectHideFlags: 0
  serializedVersion: 2
  m_Modification:
    m_TransformParent: {fileID: 0}
    m_Modifications:
    - target: {fileID: 4993080294161773296, guid: 60c5d86fff61dbe4c83cf0477f8fdcc9,
        type: 3}
      propertyPath: m_Name
      value: GroundSegment Variant 1
      objectReference: {fileID: 0}
    - target: {fileID: 4993080294161773297, guid: 60c5d86fff61dbe4c83cf0477f8fdcc9,
        type: 3}
      propertyPath: m_LocalPosition.x
      value: 0
      objectReference: {fileID: 0}
    - target: {fileID: 4993080294161773297, guid: 60c5d86fff61dbe4c83cf0477f8fdcc9,
        type: 3}
      propertyPath: m_LocalPosition.y
      value: 0
      objectReference: {fileID: 0}
    - target: {fileID: 4993080294161773297, guid: 60c5d86fff61dbe4c83cf0477f8fdcc9,
        type: 3}
      propertyPath: m_LocalPosition.z
      value: 0
      objectReference: {fileID: 0}
    - target: {fileID: 4993080294161773297, guid: 60c5d86fff61dbe4c83cf0477f8fdcc9,
        type: 3}
      propertyPath: m_LocalRotation.x
      value: 0
      objectReference: {fileID: 0}
    - target: {fileID: 4993080294161773297, guid: 60c5d86fff61dbe4c83cf0477f8fdcc9,
        type: 3}
      propertyPath: m_LocalRotation.y
      value: 0
      objectReference: {fileID: 0}
    - target: {fileID: 4993080294161773297, guid: 60c5d86fff61dbe4c83cf0477f8fdcc9,
        type: 3}
      propertyPath: m_LocalRotation.z
      value: 0
      objectReference: {fileID: 0}
    - target: {fileID: 4993080294161773297, guid: 60c5d86fff61dbe4c83cf0477f8fdcc9,
        type: 3}
      propertyPath: m_LocalRotation.w
      value: 1
      objectReference: {fileID: 0}
    - target: {fileID: 4993080294161773297, guid: 60c5d86fff61dbe4c83cf0477f8fdcc9,
        type: 3}
      propertyPath: m_RootOrder
      value: 0
      objectReference: {fileID: 0}
    - target: {fileID: 4993080294161773297, guid: 60c5d86fff61dbe4c83cf0477f8fdcc9,
        type: 3}
      propertyPath: m_LocalEulerAnglesHint.x
      value: 0
      objectReference: {fileID: 0}
    - target: {fileID: 4993080294161773297, guid: 60c5d86fff61dbe4c83cf0477f8fdcc9,
        type: 3}
      propertyPath: m_LocalEulerAnglesHint.y
      value: 0
      objectReference: {fileID: 0}
    - target: {fileID: 4993080294161773297, guid: 60c5d86fff61dbe4c83cf0477f8fdcc9,
        type: 3}
      propertyPath: m_LocalEulerAnglesHint.z
      value: 0
      objectReference: {fileID: 0}
    m_RemovedComponents: []
  m_SourcePrefab: {fileID: 100100000, guid: 60c5d86fff61dbe4c83cf0477f8fdcc9, type: 3}
--- !u!4 &5317047743453680138 stripped
Transform:
  m_CorrespondingSourceObject: {fileID: 4993080294161773297, guid: 60c5d86fff61dbe4c83cf0477f8fdcc9,
    type: 3}
  m_PrefabInstance: {fileID: 901580648846369019}
  m_PrefabAsset: {fileID: 0}
--- !u!1001 &954662508585473261
PrefabInstance:
  m_ObjectHideFlags: 0
  serializedVersion: 2
  m_Modification:
    m_TransformParent: {fileID: 5317047743453680138}
    m_Modifications:
    - target: {fileID: 5204218880780459207, guid: bf92823758b06614095cf630fd7bee4a,
        type: 3}
      propertyPath: m_Name
      value: bigobstacle
      objectReference: {fileID: 0}
    - target: {fileID: 5204218880780459200, guid: bf92823758b06614095cf630fd7bee4a,
        type: 3}
      propertyPath: m_LocalPosition.x
      value: 70
      objectReference: {fileID: 0}
    - target: {fileID: 5204218880780459200, guid: bf92823758b06614095cf630fd7bee4a,
        type: 3}
      propertyPath: m_LocalPosition.y
      value: 0
      objectReference: {fileID: 0}
    - target: {fileID: 5204218880780459200, guid: bf92823758b06614095cf630fd7bee4a,
        type: 3}
      propertyPath: m_LocalPosition.z
      value: 0
      objectReference: {fileID: 0}
    - target: {fileID: 5204218880780459200, guid: bf92823758b06614095cf630fd7bee4a,
        type: 3}
      propertyPath: m_LocalRotation.x
      value: -0
      objectReference: {fileID: 0}
    - target: {fileID: 5204218880780459200, guid: bf92823758b06614095cf630fd7bee4a,
        type: 3}
      propertyPath: m_LocalRotation.y
      value: -0
      objectReference: {fileID: 0}
    - target: {fileID: 5204218880780459200, guid: bf92823758b06614095cf630fd7bee4a,
        type: 3}
      propertyPath: m_LocalRotation.z
      value: -0
      objectReference: {fileID: 0}
    - target: {fileID: 5204218880780459200, guid: bf92823758b06614095cf630fd7bee4a,
        type: 3}
      propertyPath: m_LocalRotation.w
      value: 1
      objectReference: {fileID: 0}
    - target: {fileID: 5204218880780459200, guid: bf92823758b06614095cf630fd7bee4a,
        type: 3}
      propertyPath: m_RootOrder
      value: 17
      objectReference: {fileID: 0}
    - target: {fileID: 5204218880780459200, guid: bf92823758b06614095cf630fd7bee4a,
        type: 3}
      propertyPath: m_LocalEulerAnglesHint.x
      value: 0
      objectReference: {fileID: 0}
    - target: {fileID: 5204218880780459200, guid: bf92823758b06614095cf630fd7bee4a,
        type: 3}
      propertyPath: m_LocalEulerAnglesHint.y
      value: 0
      objectReference: {fileID: 0}
    - target: {fileID: 5204218880780459200, guid: bf92823758b06614095cf630fd7bee4a,
        type: 3}
      propertyPath: m_LocalEulerAnglesHint.z
      value: 0
      objectReference: {fileID: 0}
    m_RemovedComponents: []
  m_SourcePrefab: {fileID: 100100000, guid: bf92823758b06614095cf630fd7bee4a, type: 3}
--- !u!1001 &1088984827988353135
PrefabInstance:
  m_ObjectHideFlags: 0
  serializedVersion: 2
  m_Modification:
    m_TransformParent: {fileID: 5317047743453680138}
    m_Modifications:
    - target: {fileID: 951426159332584171, guid: 3c7f61de9245e2d48a29623cb373d8ef,
        type: 3}
      propertyPath: m_Name
      value: ManaPickUp (1)
      objectReference: {fileID: 0}
    - target: {fileID: 951426159332584172, guid: 3c7f61de9245e2d48a29623cb373d8ef,
        type: 3}
      propertyPath: m_LocalPosition.x
      value: 60
      objectReference: {fileID: 0}
    - target: {fileID: 951426159332584172, guid: 3c7f61de9245e2d48a29623cb373d8ef,
        type: 3}
      propertyPath: m_LocalPosition.y
      value: 1
      objectReference: {fileID: 0}
    - target: {fileID: 951426159332584172, guid: 3c7f61de9245e2d48a29623cb373d8ef,
        type: 3}
      propertyPath: m_LocalPosition.z
      value: 0
      objectReference: {fileID: 0}
    - target: {fileID: 951426159332584172, guid: 3c7f61de9245e2d48a29623cb373d8ef,
        type: 3}
      propertyPath: m_LocalRotation.x
      value: -0
      objectReference: {fileID: 0}
    - target: {fileID: 951426159332584172, guid: 3c7f61de9245e2d48a29623cb373d8ef,
        type: 3}
      propertyPath: m_LocalRotation.y
      value: -0
      objectReference: {fileID: 0}
    - target: {fileID: 951426159332584172, guid: 3c7f61de9245e2d48a29623cb373d8ef,
        type: 3}
      propertyPath: m_LocalRotation.z
      value: -0
      objectReference: {fileID: 0}
    - target: {fileID: 951426159332584172, guid: 3c7f61de9245e2d48a29623cb373d8ef,
        type: 3}
      propertyPath: m_LocalRotation.w
      value: 1
      objectReference: {fileID: 0}
    - target: {fileID: 951426159332584172, guid: 3c7f61de9245e2d48a29623cb373d8ef,
        type: 3}
      propertyPath: m_RootOrder
      value: 18
      objectReference: {fileID: 0}
    - target: {fileID: 951426159332584172, guid: 3c7f61de9245e2d48a29623cb373d8ef,
        type: 3}
      propertyPath: m_LocalEulerAnglesHint.x
      value: 0
      objectReference: {fileID: 0}
    - target: {fileID: 951426159332584172, guid: 3c7f61de9245e2d48a29623cb373d8ef,
        type: 3}
      propertyPath: m_LocalEulerAnglesHint.y
      value: 0
      objectReference: {fileID: 0}
    - target: {fileID: 951426159332584172, guid: 3c7f61de9245e2d48a29623cb373d8ef,
        type: 3}
      propertyPath: m_LocalEulerAnglesHint.z
      value: 0
      objectReference: {fileID: 0}
    m_RemovedComponents: []
  m_SourcePrefab: {fileID: 100100000, guid: 3c7f61de9245e2d48a29623cb373d8ef, type: 3}
--- !u!1001 &1441887624950560276
PrefabInstance:
  m_ObjectHideFlags: 0
  serializedVersion: 2
  m_Modification:
    m_TransformParent: {fileID: 5317047743453680138}
    m_Modifications:
    - target: {fileID: 951426159332584171, guid: 3c7f61de9245e2d48a29623cb373d8ef,
        type: 3}
      propertyPath: m_Name
      value: ManaPickUp (2)
      objectReference: {fileID: 0}
    - target: {fileID: 951426159332584172, guid: 3c7f61de9245e2d48a29623cb373d8ef,
        type: 3}
      propertyPath: m_LocalPosition.x
      value: 20
      objectReference: {fileID: 0}
    - target: {fileID: 951426159332584172, guid: 3c7f61de9245e2d48a29623cb373d8ef,
        type: 3}
      propertyPath: m_LocalPosition.y
      value: 1
      objectReference: {fileID: 0}
    - target: {fileID: 951426159332584172, guid: 3c7f61de9245e2d48a29623cb373d8ef,
        type: 3}
      propertyPath: m_LocalPosition.z
      value: 9
      objectReference: {fileID: 0}
    - target: {fileID: 951426159332584172, guid: 3c7f61de9245e2d48a29623cb373d8ef,
        type: 3}
      propertyPath: m_LocalRotation.x
      value: -0
      objectReference: {fileID: 0}
    - target: {fileID: 951426159332584172, guid: 3c7f61de9245e2d48a29623cb373d8ef,
        type: 3}
      propertyPath: m_LocalRotation.y
      value: -0
      objectReference: {fileID: 0}
    - target: {fileID: 951426159332584172, guid: 3c7f61de9245e2d48a29623cb373d8ef,
        type: 3}
      propertyPath: m_LocalRotation.z
      value: -0
      objectReference: {fileID: 0}
    - target: {fileID: 951426159332584172, guid: 3c7f61de9245e2d48a29623cb373d8ef,
        type: 3}
      propertyPath: m_LocalRotation.w
      value: 1
      objectReference: {fileID: 0}
    - target: {fileID: 951426159332584172, guid: 3c7f61de9245e2d48a29623cb373d8ef,
        type: 3}
      propertyPath: m_RootOrder
      value: 23
      objectReference: {fileID: 0}
    - target: {fileID: 951426159332584172, guid: 3c7f61de9245e2d48a29623cb373d8ef,
        type: 3}
      propertyPath: m_LocalEulerAnglesHint.x
      value: 0
      objectReference: {fileID: 0}
    - target: {fileID: 951426159332584172, guid: 3c7f61de9245e2d48a29623cb373d8ef,
        type: 3}
      propertyPath: m_LocalEulerAnglesHint.y
      value: 0
      objectReference: {fileID: 0}
    - target: {fileID: 951426159332584172, guid: 3c7f61de9245e2d48a29623cb373d8ef,
        type: 3}
      propertyPath: m_LocalEulerAnglesHint.z
      value: 0
      objectReference: {fileID: 0}
    m_RemovedComponents: []
  m_SourcePrefab: {fileID: 100100000, guid: 3c7f61de9245e2d48a29623cb373d8ef, type: 3}
--- !u!1001 &1451677351387082462
PrefabInstance:
  m_ObjectHideFlags: 0
  serializedVersion: 2
  m_Modification:
    m_TransformParent: {fileID: 5317047743453680138}
    m_Modifications:
    - target: {fileID: 951426159332584171, guid: 3c7f61de9245e2d48a29623cb373d8ef,
        type: 3}
      propertyPath: m_Name
      value: ManaPickUp (3)
      objectReference: {fileID: 0}
    - target: {fileID: 951426159332584172, guid: 3c7f61de9245e2d48a29623cb373d8ef,
        type: 3}
      propertyPath: m_LocalPosition.x
      value: -100
      objectReference: {fileID: 0}
    - target: {fileID: 951426159332584172, guid: 3c7f61de9245e2d48a29623cb373d8ef,
        type: 3}
      propertyPath: m_LocalPosition.y
      value: 0.97
      objectReference: {fileID: 0}
    - target: {fileID: 951426159332584172, guid: 3c7f61de9245e2d48a29623cb373d8ef,
        type: 3}
      propertyPath: m_LocalPosition.z
      value: 3
      objectReference: {fileID: 0}
    - target: {fileID: 951426159332584172, guid: 3c7f61de9245e2d48a29623cb373d8ef,
        type: 3}
      propertyPath: m_LocalRotation.x
      value: -0
      objectReference: {fileID: 0}
    - target: {fileID: 951426159332584172, guid: 3c7f61de9245e2d48a29623cb373d8ef,
        type: 3}
      propertyPath: m_LocalRotation.y
      value: -0
      objectReference: {fileID: 0}
    - target: {fileID: 951426159332584172, guid: 3c7f61de9245e2d48a29623cb373d8ef,
        type: 3}
      propertyPath: m_LocalRotation.z
      value: -0
      objectReference: {fileID: 0}
    - target: {fileID: 951426159332584172, guid: 3c7f61de9245e2d48a29623cb373d8ef,
        type: 3}
      propertyPath: m_LocalRotation.w
      value: 1
      objectReference: {fileID: 0}
    - target: {fileID: 951426159332584172, guid: 3c7f61de9245e2d48a29623cb373d8ef,
        type: 3}
      propertyPath: m_RootOrder
      value: 32
      objectReference: {fileID: 0}
    - target: {fileID: 951426159332584172, guid: 3c7f61de9245e2d48a29623cb373d8ef,
        type: 3}
      propertyPath: m_LocalEulerAnglesHint.x
      value: 0
      objectReference: {fileID: 0}
    - target: {fileID: 951426159332584172, guid: 3c7f61de9245e2d48a29623cb373d8ef,
        type: 3}
      propertyPath: m_LocalEulerAnglesHint.y
      value: 0
      objectReference: {fileID: 0}
    - target: {fileID: 951426159332584172, guid: 3c7f61de9245e2d48a29623cb373d8ef,
        type: 3}
      propertyPath: m_LocalEulerAnglesHint.z
      value: 0
      objectReference: {fileID: 0}
    m_RemovedComponents: []
  m_SourcePrefab: {fileID: 100100000, guid: 3c7f61de9245e2d48a29623cb373d8ef, type: 3}
--- !u!1001 &1522208001446133753
PrefabInstance:
  m_ObjectHideFlags: 0
  serializedVersion: 2
  m_Modification:
    m_TransformParent: {fileID: 5317047743453680138}
    m_Modifications:
    - target: {fileID: 5204218880780459207, guid: 2aed6b0f5b6d5fe4292eeee27b1352e9,
        type: 3}
      propertyPath: m_Name
      value: SmallObstacle (3)
      objectReference: {fileID: 0}
    - target: {fileID: 5204218880780459200, guid: 2aed6b0f5b6d5fe4292eeee27b1352e9,
        type: 3}
      propertyPath: m_LocalPosition.x
      value: 0
      objectReference: {fileID: 0}
    - target: {fileID: 5204218880780459200, guid: 2aed6b0f5b6d5fe4292eeee27b1352e9,
        type: 3}
      propertyPath: m_LocalPosition.y
      value: 0
      objectReference: {fileID: 0}
    - target: {fileID: 5204218880780459200, guid: 2aed6b0f5b6d5fe4292eeee27b1352e9,
        type: 3}
      propertyPath: m_LocalPosition.z
      value: 3
      objectReference: {fileID: 0}
    - target: {fileID: 5204218880780459200, guid: 2aed6b0f5b6d5fe4292eeee27b1352e9,
        type: 3}
      propertyPath: m_LocalRotation.x
      value: -0
      objectReference: {fileID: 0}
    - target: {fileID: 5204218880780459200, guid: 2aed6b0f5b6d5fe4292eeee27b1352e9,
        type: 3}
      propertyPath: m_LocalRotation.y
      value: -0
      objectReference: {fileID: 0}
    - target: {fileID: 5204218880780459200, guid: 2aed6b0f5b6d5fe4292eeee27b1352e9,
        type: 3}
      propertyPath: m_LocalRotation.z
      value: -0
      objectReference: {fileID: 0}
    - target: {fileID: 5204218880780459200, guid: 2aed6b0f5b6d5fe4292eeee27b1352e9,
        type: 3}
      propertyPath: m_LocalRotation.w
      value: 1
      objectReference: {fileID: 0}
    - target: {fileID: 5204218880780459200, guid: 2aed6b0f5b6d5fe4292eeee27b1352e9,
        type: 3}
      propertyPath: m_RootOrder
      value: 24
      objectReference: {fileID: 0}
    - target: {fileID: 5204218880780459200, guid: 2aed6b0f5b6d5fe4292eeee27b1352e9,
        type: 3}
      propertyPath: m_LocalEulerAnglesHint.x
      value: 0
      objectReference: {fileID: 0}
    - target: {fileID: 5204218880780459200, guid: 2aed6b0f5b6d5fe4292eeee27b1352e9,
        type: 3}
      propertyPath: m_LocalEulerAnglesHint.y
      value: 0
      objectReference: {fileID: 0}
    - target: {fileID: 5204218880780459200, guid: 2aed6b0f5b6d5fe4292eeee27b1352e9,
        type: 3}
      propertyPath: m_LocalEulerAnglesHint.z
      value: 0
      objectReference: {fileID: 0}
    m_RemovedComponents: []
  m_SourcePrefab: {fileID: 100100000, guid: 2aed6b0f5b6d5fe4292eeee27b1352e9, type: 3}
--- !u!1001 &2059913385300573870
PrefabInstance:
  m_ObjectHideFlags: 0
  serializedVersion: 2
  m_Modification:
    m_TransformParent: {fileID: 5317047743453680138}
    m_Modifications:
    - target: {fileID: 5204218880780459207, guid: bf92823758b06614095cf630fd7bee4a,
        type: 3}
      propertyPath: m_Name
      value: bigobstacle (2)
      objectReference: {fileID: 0}
    - target: {fileID: 5204218880780459200, guid: bf92823758b06614095cf630fd7bee4a,
        type: 3}
      propertyPath: m_LocalPosition.x
      value: -80
      objectReference: {fileID: 0}
    - target: {fileID: 5204218880780459200, guid: bf92823758b06614095cf630fd7bee4a,
        type: 3}
      propertyPath: m_LocalPosition.y
      value: 0
      objectReference: {fileID: 0}
    - target: {fileID: 5204218880780459200, guid: bf92823758b06614095cf630fd7bee4a,
        type: 3}
      propertyPath: m_LocalPosition.z
      value: 0
      objectReference: {fileID: 0}
    - target: {fileID: 5204218880780459200, guid: bf92823758b06614095cf630fd7bee4a,
        type: 3}
      propertyPath: m_LocalRotation.x
      value: -0
      objectReference: {fileID: 0}
    - target: {fileID: 5204218880780459200, guid: bf92823758b06614095cf630fd7bee4a,
        type: 3}
      propertyPath: m_LocalRotation.y
      value: -0
      objectReference: {fileID: 0}
    - target: {fileID: 5204218880780459200, guid: bf92823758b06614095cf630fd7bee4a,
        type: 3}
      propertyPath: m_LocalRotation.z
      value: -0
      objectReference: {fileID: 0}
    - target: {fileID: 5204218880780459200, guid: bf92823758b06614095cf630fd7bee4a,
        type: 3}
      propertyPath: m_LocalRotation.w
      value: 1
      objectReference: {fileID: 0}
    - target: {fileID: 5204218880780459200, guid: bf92823758b06614095cf630fd7bee4a,
        type: 3}
      propertyPath: m_RootOrder
      value: 30
      objectReference: {fileID: 0}
    - target: {fileID: 5204218880780459200, guid: bf92823758b06614095cf630fd7bee4a,
        type: 3}
      propertyPath: m_LocalEulerAnglesHint.x
      value: 0
      objectReference: {fileID: 0}
    - target: {fileID: 5204218880780459200, guid: bf92823758b06614095cf630fd7bee4a,
        type: 3}
      propertyPath: m_LocalEulerAnglesHint.y
      value: 0
      objectReference: {fileID: 0}
    - target: {fileID: 5204218880780459200, guid: bf92823758b06614095cf630fd7bee4a,
        type: 3}
      propertyPath: m_LocalEulerAnglesHint.z
      value: 0
      objectReference: {fileID: 0}
    m_RemovedComponents: []
  m_SourcePrefab: {fileID: 100100000, guid: bf92823758b06614095cf630fd7bee4a, type: 3}
--- !u!1001 &2156951107355800325
PrefabInstance:
  m_ObjectHideFlags: 0
  serializedVersion: 2
  m_Modification:
    m_TransformParent: {fileID: 5317047743453680138}
    m_Modifications:
    - target: {fileID: 951426159332584171, guid: 3c7f61de9245e2d48a29623cb373d8ef,
        type: 3}
      propertyPath: m_Name
      value: ManaPickUp
      objectReference: {fileID: 0}
    - target: {fileID: 951426159332584172, guid: 3c7f61de9245e2d48a29623cb373d8ef,
        type: 3}
      propertyPath: m_LocalPosition.x
      value: 80
      objectReference: {fileID: 0}
    - target: {fileID: 951426159332584172, guid: 3c7f61de9245e2d48a29623cb373d8ef,
        type: 3}
      propertyPath: m_LocalPosition.y
      value: 1
      objectReference: {fileID: 0}
    - target: {fileID: 951426159332584172, guid: 3c7f61de9245e2d48a29623cb373d8ef,
        type: 3}
      propertyPath: m_LocalPosition.z
      value: 6
      objectReference: {fileID: 0}
    - target: {fileID: 951426159332584172, guid: 3c7f61de9245e2d48a29623cb373d8ef,
        type: 3}
      propertyPath: m_LocalRotation.x
      value: -0
      objectReference: {fileID: 0}
    - target: {fileID: 951426159332584172, guid: 3c7f61de9245e2d48a29623cb373d8ef,
        type: 3}
      propertyPath: m_LocalRotation.y
      value: -0
      objectReference: {fileID: 0}
    - target: {fileID: 951426159332584172, guid: 3c7f61de9245e2d48a29623cb373d8ef,
        type: 3}
      propertyPath: m_LocalRotation.z
      value: -0
      objectReference: {fileID: 0}
    - target: {fileID: 951426159332584172, guid: 3c7f61de9245e2d48a29623cb373d8ef,
        type: 3}
      propertyPath: m_LocalRotation.w
      value: 1
      objectReference: {fileID: 0}
    - target: {fileID: 951426159332584172, guid: 3c7f61de9245e2d48a29623cb373d8ef,
        type: 3}
      propertyPath: m_RootOrder
      value: 15
      objectReference: {fileID: 0}
    - target: {fileID: 951426159332584172, guid: 3c7f61de9245e2d48a29623cb373d8ef,
        type: 3}
      propertyPath: m_LocalEulerAnglesHint.x
      value: 0
      objectReference: {fileID: 0}
    - target: {fileID: 951426159332584172, guid: 3c7f61de9245e2d48a29623cb373d8ef,
        type: 3}
      propertyPath: m_LocalEulerAnglesHint.y
      value: 0
      objectReference: {fileID: 0}
    - target: {fileID: 951426159332584172, guid: 3c7f61de9245e2d48a29623cb373d8ef,
        type: 3}
      propertyPath: m_LocalEulerAnglesHint.z
      value: 0
      objectReference: {fileID: 0}
    m_RemovedComponents: []
  m_SourcePrefab: {fileID: 100100000, guid: 3c7f61de9245e2d48a29623cb373d8ef, type: 3}
--- !u!1001 &3013992970611258292
PrefabInstance:
  m_ObjectHideFlags: 0
  serializedVersion: 2
  m_Modification:
    m_TransformParent: {fileID: 5317047743453680138}
    m_Modifications:
    - target: {fileID: 5204218880780459207, guid: 2aed6b0f5b6d5fe4292eeee27b1352e9,
        type: 3}
      propertyPath: m_Name
      value: SmallObstacle (5)
      objectReference: {fileID: 0}
    - target: {fileID: 5204218880780459200, guid: 2aed6b0f5b6d5fe4292eeee27b1352e9,
        type: 3}
      propertyPath: m_LocalPosition.x
      value: -60
      objectReference: {fileID: 0}
    - target: {fileID: 5204218880780459200, guid: 2aed6b0f5b6d5fe4292eeee27b1352e9,
        type: 3}
      propertyPath: m_LocalPosition.y
      value: 0
      objectReference: {fileID: 0}
    - target: {fileID: 5204218880780459200, guid: 2aed6b0f5b6d5fe4292eeee27b1352e9,
        type: 3}
      propertyPath: m_LocalPosition.z
      value: 3
      objectReference: {fileID: 0}
    - target: {fileID: 5204218880780459200, guid: 2aed6b0f5b6d5fe4292eeee27b1352e9,
        type: 3}
      propertyPath: m_LocalRotation.x
      value: -0
      objectReference: {fileID: 0}
    - target: {fileID: 5204218880780459200, guid: 2aed6b0f5b6d5fe4292eeee27b1352e9,
        type: 3}
      propertyPath: m_LocalRotation.y
      value: -0
      objectReference: {fileID: 0}
    - target: {fileID: 5204218880780459200, guid: 2aed6b0f5b6d5fe4292eeee27b1352e9,
        type: 3}
      propertyPath: m_LocalRotation.z
      value: -0
      objectReference: {fileID: 0}
    - target: {fileID: 5204218880780459200, guid: 2aed6b0f5b6d5fe4292eeee27b1352e9,
        type: 3}
      propertyPath: m_LocalRotation.w
      value: 1
      objectReference: {fileID: 0}
    - target: {fileID: 5204218880780459200, guid: 2aed6b0f5b6d5fe4292eeee27b1352e9,
        type: 3}
      propertyPath: m_RootOrder
      value: 28
      objectReference: {fileID: 0}
    - target: {fileID: 5204218880780459200, guid: 2aed6b0f5b6d5fe4292eeee27b1352e9,
        type: 3}
      propertyPath: m_LocalEulerAnglesHint.x
      value: 0
      objectReference: {fileID: 0}
    - target: {fileID: 5204218880780459200, guid: 2aed6b0f5b6d5fe4292eeee27b1352e9,
        type: 3}
      propertyPath: m_LocalEulerAnglesHint.y
      value: 0
      objectReference: {fileID: 0}
    - target: {fileID: 5204218880780459200, guid: 2aed6b0f5b6d5fe4292eeee27b1352e9,
        type: 3}
      propertyPath: m_LocalEulerAnglesHint.z
      value: 0
      objectReference: {fileID: 0}
    m_RemovedComponents: []
  m_SourcePrefab: {fileID: 100100000, guid: 2aed6b0f5b6d5fe4292eeee27b1352e9, type: 3}
--- !u!1001 &3173133761044282672
PrefabInstance:
  m_ObjectHideFlags: 0
  serializedVersion: 2
  m_Modification:
    m_TransformParent: {fileID: 5317047743453680138}
    m_Modifications:
    - target: {fileID: 5204218880780459207, guid: 2aed6b0f5b6d5fe4292eeee27b1352e9,
        type: 3}
      propertyPath: m_Name
      value: SmallObstacle (6)
      objectReference: {fileID: 0}
    - target: {fileID: 5204218880780459200, guid: 2aed6b0f5b6d5fe4292eeee27b1352e9,
        type: 3}
      propertyPath: m_LocalPosition.x
      value: -65
      objectReference: {fileID: 0}
    - target: {fileID: 5204218880780459200, guid: 2aed6b0f5b6d5fe4292eeee27b1352e9,
        type: 3}
      propertyPath: m_LocalPosition.y
      value: 0
      objectReference: {fileID: 0}
    - target: {fileID: 5204218880780459200, guid: 2aed6b0f5b6d5fe4292eeee27b1352e9,
        type: 3}
      propertyPath: m_LocalPosition.z
      value: 6
      objectReference: {fileID: 0}
    - target: {fileID: 5204218880780459200, guid: 2aed6b0f5b6d5fe4292eeee27b1352e9,
        type: 3}
      propertyPath: m_LocalRotation.x
      value: -0
      objectReference: {fileID: 0}
    - target: {fileID: 5204218880780459200, guid: 2aed6b0f5b6d5fe4292eeee27b1352e9,
        type: 3}
      propertyPath: m_LocalRotation.y
      value: -0
      objectReference: {fileID: 0}
    - target: {fileID: 5204218880780459200, guid: 2aed6b0f5b6d5fe4292eeee27b1352e9,
        type: 3}
      propertyPath: m_LocalRotation.z
      value: -0
      objectReference: {fileID: 0}
    - target: {fileID: 5204218880780459200, guid: 2aed6b0f5b6d5fe4292eeee27b1352e9,
        type: 3}
      propertyPath: m_LocalRotation.w
      value: 1
      objectReference: {fileID: 0}
    - target: {fileID: 5204218880780459200, guid: 2aed6b0f5b6d5fe4292eeee27b1352e9,
        type: 3}
      propertyPath: m_RootOrder
      value: 29
      objectReference: {fileID: 0}
    - target: {fileID: 5204218880780459200, guid: 2aed6b0f5b6d5fe4292eeee27b1352e9,
        type: 3}
      propertyPath: m_LocalEulerAnglesHint.x
      value: 0
      objectReference: {fileID: 0}
    - target: {fileID: 5204218880780459200, guid: 2aed6b0f5b6d5fe4292eeee27b1352e9,
        type: 3}
      propertyPath: m_LocalEulerAnglesHint.y
      value: 0
      objectReference: {fileID: 0}
    - target: {fileID: 5204218880780459200, guid: 2aed6b0f5b6d5fe4292eeee27b1352e9,
        type: 3}
      propertyPath: m_LocalEulerAnglesHint.z
      value: 0
      objectReference: {fileID: 0}
    m_RemovedComponents: []
  m_SourcePrefab: {fileID: 100100000, guid: 2aed6b0f5b6d5fe4292eeee27b1352e9, type: 3}
--- !u!1001 &4503179572563872626
PrefabInstance:
  m_ObjectHideFlags: 0
  serializedVersion: 2
  m_Modification:
    m_TransformParent: {fileID: 5317047743453680138}
    m_Modifications:
    - target: {fileID: 5530970958531470979, guid: 3578eddbefbeb384c8207d4df9bb51ff,
        type: 3}
      propertyPath: m_Name
      value: bigswamp (2)
      objectReference: {fileID: 0}
    - target: {fileID: 7924363384054682348, guid: 3578eddbefbeb384c8207d4df9bb51ff,
        type: 3}
      propertyPath: m_LocalPosition.x
      value: -40
      objectReference: {fileID: 0}
    - target: {fileID: 7924363384054682348, guid: 3578eddbefbeb384c8207d4df9bb51ff,
        type: 3}
      propertyPath: m_LocalPosition.y
      value: 0
      objectReference: {fileID: 0}
    - target: {fileID: 7924363384054682348, guid: 3578eddbefbeb384c8207d4df9bb51ff,
        type: 3}
      propertyPath: m_LocalPosition.z
      value: 6
      objectReference: {fileID: 0}
    - target: {fileID: 7924363384054682348, guid: 3578eddbefbeb384c8207d4df9bb51ff,
        type: 3}
      propertyPath: m_LocalRotation.x
      value: -0
      objectReference: {fileID: 0}
    - target: {fileID: 7924363384054682348, guid: 3578eddbefbeb384c8207d4df9bb51ff,
        type: 3}
      propertyPath: m_LocalRotation.y
      value: -0
      objectReference: {fileID: 0}
    - target: {fileID: 7924363384054682348, guid: 3578eddbefbeb384c8207d4df9bb51ff,
        type: 3}
      propertyPath: m_LocalRotation.z
      value: -0
      objectReference: {fileID: 0}
    - target: {fileID: 7924363384054682348, guid: 3578eddbefbeb384c8207d4df9bb51ff,
        type: 3}
      propertyPath: m_LocalRotation.w
      value: 1
      objectReference: {fileID: 0}
    - target: {fileID: 7924363384054682348, guid: 3578eddbefbeb384c8207d4df9bb51ff,
        type: 3}
      propertyPath: m_RootOrder
      value: 27
      objectReference: {fileID: 0}
    - target: {fileID: 7924363384054682348, guid: 3578eddbefbeb384c8207d4df9bb51ff,
        type: 3}
      propertyPath: m_LocalEulerAnglesHint.x
      value: 0
      objectReference: {fileID: 0}
    - target: {fileID: 7924363384054682348, guid: 3578eddbefbeb384c8207d4df9bb51ff,
        type: 3}
      propertyPath: m_LocalEulerAnglesHint.y
      value: 0
      objectReference: {fileID: 0}
    - target: {fileID: 7924363384054682348, guid: 3578eddbefbeb384c8207d4df9bb51ff,
        type: 3}
      propertyPath: m_LocalEulerAnglesHint.z
      value: 0
      objectReference: {fileID: 0}
    m_RemovedComponents: []
  m_SourcePrefab: {fileID: 100100000, guid: 3578eddbefbeb384c8207d4df9bb51ff, type: 3}
--- !u!1001 &4970466583749252294
PrefabInstance:
  m_ObjectHideFlags: 0
  serializedVersion: 2
  m_Modification:
    m_TransformParent: {fileID: 5317047743453680138}
    m_Modifications:
    - target: {fileID: 5204218880780459207, guid: bf92823758b06614095cf630fd7bee4a,
        type: 3}
      propertyPath: m_Name
      value: bigobstacle (3)
      objectReference: {fileID: 0}
    - target: {fileID: 5204218880780459200, guid: bf92823758b06614095cf630fd7bee4a,
        type: 3}
      propertyPath: m_LocalPosition.x
      value: -89
      objectReference: {fileID: 0}
    - target: {fileID: 5204218880780459200, guid: bf92823758b06614095cf630fd7bee4a,
        type: 3}
      propertyPath: m_LocalPosition.y
      value: 0
      objectReference: {fileID: 0}
    - target: {fileID: 5204218880780459200, guid: bf92823758b06614095cf630fd7bee4a,
        type: 3}
      propertyPath: m_LocalPosition.z
      value: 6
      objectReference: {fileID: 0}
    - target: {fileID: 5204218880780459200, guid: bf92823758b06614095cf630fd7bee4a,
        type: 3}
      propertyPath: m_LocalRotation.x
      value: -0
      objectReference: {fileID: 0}
    - target: {fileID: 5204218880780459200, guid: bf92823758b06614095cf630fd7bee4a,
        type: 3}
      propertyPath: m_LocalRotation.y
      value: -0
      objectReference: {fileID: 0}
    - target: {fileID: 5204218880780459200, guid: bf92823758b06614095cf630fd7bee4a,
        type: 3}
      propertyPath: m_LocalRotation.z
      value: -0
      objectReference: {fileID: 0}
    - target: {fileID: 5204218880780459200, guid: bf92823758b06614095cf630fd7bee4a,
        type: 3}
      propertyPath: m_LocalRotation.w
      value: 1
      objectReference: {fileID: 0}
    - target: {fileID: 5204218880780459200, guid: bf92823758b06614095cf630fd7bee4a,
        type: 3}
      propertyPath: m_RootOrder
      value: 31
      objectReference: {fileID: 0}
    - target: {fileID: 5204218880780459200, guid: bf92823758b06614095cf630fd7bee4a,
        type: 3}
      propertyPath: m_LocalEulerAnglesHint.x
      value: 0
      objectReference: {fileID: 0}
    - target: {fileID: 5204218880780459200, guid: bf92823758b06614095cf630fd7bee4a,
        type: 3}
      propertyPath: m_LocalEulerAnglesHint.y
      value: 0
      objectReference: {fileID: 0}
    - target: {fileID: 5204218880780459200, guid: bf92823758b06614095cf630fd7bee4a,
        type: 3}
      propertyPath: m_LocalEulerAnglesHint.z
      value: 0
      objectReference: {fileID: 0}
    m_RemovedComponents: []
  m_SourcePrefab: {fileID: 100100000, guid: bf92823758b06614095cf630fd7bee4a, type: 3}
--- !u!1001 &5400804613509075338
PrefabInstance:
  m_ObjectHideFlags: 0
  serializedVersion: 2
  m_Modification:
    m_TransformParent: {fileID: 5317047743453680138}
    m_Modifications:
    - target: {fileID: 5204218880780459207, guid: 2aed6b0f5b6d5fe4292eeee27b1352e9,
        type: 3}
      propertyPath: m_Name
      value: SmallObstacle (2)
      objectReference: {fileID: 0}
    - target: {fileID: 5204218880780459200, guid: 2aed6b0f5b6d5fe4292eeee27b1352e9,
        type: 3}
      propertyPath: m_LocalPosition.x
      value: 47.5
      objectReference: {fileID: 0}
    - target: {fileID: 5204218880780459200, guid: 2aed6b0f5b6d5fe4292eeee27b1352e9,
        type: 3}
      propertyPath: m_LocalPosition.y
      value: 0
      objectReference: {fileID: 0}
    - target: {fileID: 5204218880780459200, guid: 2aed6b0f5b6d5fe4292eeee27b1352e9,
        type: 3}
      propertyPath: m_LocalPosition.z
      value: 3
      objectReference: {fileID: 0}
    - target: {fileID: 5204218880780459200, guid: 2aed6b0f5b6d5fe4292eeee27b1352e9,
        type: 3}
      propertyPath: m_LocalRotation.x
      value: -0
      objectReference: {fileID: 0}
    - target: {fileID: 5204218880780459200, guid: 2aed6b0f5b6d5fe4292eeee27b1352e9,
        type: 3}
      propertyPath: m_LocalRotation.y
      value: -0
      objectReference: {fileID: 0}
    - target: {fileID: 5204218880780459200, guid: 2aed6b0f5b6d5fe4292eeee27b1352e9,
        type: 3}
      propertyPath: m_LocalRotation.z
      value: -0
      objectReference: {fileID: 0}
    - target: {fileID: 5204218880780459200, guid: 2aed6b0f5b6d5fe4292eeee27b1352e9,
        type: 3}
      propertyPath: m_LocalRotation.w
      value: 1
      objectReference: {fileID: 0}
    - target: {fileID: 5204218880780459200, guid: 2aed6b0f5b6d5fe4292eeee27b1352e9,
        type: 3}
      propertyPath: m_RootOrder
      value: 21
      objectReference: {fileID: 0}
    - target: {fileID: 5204218880780459200, guid: 2aed6b0f5b6d5fe4292eeee27b1352e9,
        type: 3}
      propertyPath: m_LocalEulerAnglesHint.x
      value: 0
      objectReference: {fileID: 0}
    - target: {fileID: 5204218880780459200, guid: 2aed6b0f5b6d5fe4292eeee27b1352e9,
        type: 3}
      propertyPath: m_LocalEulerAnglesHint.y
      value: 0
      objectReference: {fileID: 0}
    - target: {fileID: 5204218880780459200, guid: 2aed6b0f5b6d5fe4292eeee27b1352e9,
        type: 3}
      propertyPath: m_LocalEulerAnglesHint.z
      value: 0
      objectReference: {fileID: 0}
    m_RemovedComponents: []
  m_SourcePrefab: {fileID: 100100000, guid: 2aed6b0f5b6d5fe4292eeee27b1352e9, type: 3}
--- !u!1001 &5734486364427051323
PrefabInstance:
  m_ObjectHideFlags: 0
  serializedVersion: 2
  m_Modification:
    m_TransformParent: {fileID: 5317047743453680138}
    m_Modifications:
    - target: {fileID: 5204218880780459207, guid: 2aed6b0f5b6d5fe4292eeee27b1352e9,
        type: 3}
      propertyPath: m_Name
      value: SmallObstacle (4)
      objectReference: {fileID: 0}
    - target: {fileID: 5204218880780459200, guid: 2aed6b0f5b6d5fe4292eeee27b1352e9,
        type: 3}
      propertyPath: m_LocalPosition.x
      value: -5
      objectReference: {fileID: 0}
    - target: {fileID: 5204218880780459200, guid: 2aed6b0f5b6d5fe4292eeee27b1352e9,
        type: 3}
      propertyPath: m_LocalPosition.y
      value: 0
      objectReference: {fileID: 0}
    - target: {fileID: 5204218880780459200, guid: 2aed6b0f5b6d5fe4292eeee27b1352e9,
        type: 3}
      propertyPath: m_LocalPosition.z
      value: 9
      objectReference: {fileID: 0}
    - target: {fileID: 5204218880780459200, guid: 2aed6b0f5b6d5fe4292eeee27b1352e9,
        type: 3}
      propertyPath: m_LocalRotation.x
      value: -0
      objectReference: {fileID: 0}
    - target: {fileID: 5204218880780459200, guid: 2aed6b0f5b6d5fe4292eeee27b1352e9,
        type: 3}
      propertyPath: m_LocalRotation.y
      value: -0
      objectReference: {fileID: 0}
    - target: {fileID: 5204218880780459200, guid: 2aed6b0f5b6d5fe4292eeee27b1352e9,
        type: 3}
      propertyPath: m_LocalRotation.z
      value: -0
      objectReference: {fileID: 0}
    - target: {fileID: 5204218880780459200, guid: 2aed6b0f5b6d5fe4292eeee27b1352e9,
        type: 3}
      propertyPath: m_LocalRotation.w
      value: 1
      objectReference: {fileID: 0}
    - target: {fileID: 5204218880780459200, guid: 2aed6b0f5b6d5fe4292eeee27b1352e9,
        type: 3}
      propertyPath: m_RootOrder
      value: 25
      objectReference: {fileID: 0}
    - target: {fileID: 5204218880780459200, guid: 2aed6b0f5b6d5fe4292eeee27b1352e9,
        type: 3}
      propertyPath: m_LocalEulerAnglesHint.x
      value: 0
      objectReference: {fileID: 0}
    - target: {fileID: 5204218880780459200, guid: 2aed6b0f5b6d5fe4292eeee27b1352e9,
        type: 3}
      propertyPath: m_LocalEulerAnglesHint.y
      value: 0
      objectReference: {fileID: 0}
    - target: {fileID: 5204218880780459200, guid: 2aed6b0f5b6d5fe4292eeee27b1352e9,
        type: 3}
      propertyPath: m_LocalEulerAnglesHint.z
      value: 0
      objectReference: {fileID: 0}
    m_RemovedComponents: []
  m_SourcePrefab: {fileID: 100100000, guid: 2aed6b0f5b6d5fe4292eeee27b1352e9, type: 3}
--- !u!1001 &6201340597544439501
PrefabInstance:
  m_ObjectHideFlags: 0
  serializedVersion: 2
  m_Modification:
    m_TransformParent: {fileID: 5317047743453680138}
    m_Modifications:
    - target: {fileID: 5530970958531470979, guid: 3578eddbefbeb384c8207d4df9bb51ff,
        type: 3}
      propertyPath: m_Name
      value: bigswamp
      objectReference: {fileID: 0}
    - target: {fileID: 7924363384054682348, guid: 3578eddbefbeb384c8207d4df9bb51ff,
        type: 3}
      propertyPath: m_LocalPosition.x
      value: 90
      objectReference: {fileID: 0}
    - target: {fileID: 7924363384054682348, guid: 3578eddbefbeb384c8207d4df9bb51ff,
        type: 3}
      propertyPath: m_LocalPosition.y
      value: 0
      objectReference: {fileID: 0}
    - target: {fileID: 7924363384054682348, guid: 3578eddbefbeb384c8207d4df9bb51ff,
        type: 3}
      propertyPath: m_LocalPosition.z
      value: 6
      objectReference: {fileID: 0}
    - target: {fileID: 7924363384054682348, guid: 3578eddbefbeb384c8207d4df9bb51ff,
        type: 3}
      propertyPath: m_LocalRotation.x
      value: -0
      objectReference: {fileID: 0}
    - target: {fileID: 7924363384054682348, guid: 3578eddbefbeb384c8207d4df9bb51ff,
        type: 3}
      propertyPath: m_LocalRotation.y
      value: -0
      objectReference: {fileID: 0}
    - target: {fileID: 7924363384054682348, guid: 3578eddbefbeb384c8207d4df9bb51ff,
        type: 3}
      propertyPath: m_LocalRotation.z
      value: -0
      objectReference: {fileID: 0}
    - target: {fileID: 7924363384054682348, guid: 3578eddbefbeb384c8207d4df9bb51ff,
        type: 3}
      propertyPath: m_LocalRotation.w
      value: 1
      objectReference: {fileID: 0}
    - target: {fileID: 7924363384054682348, guid: 3578eddbefbeb384c8207d4df9bb51ff,
        type: 3}
      propertyPath: m_RootOrder
      value: 12
      objectReference: {fileID: 0}
    - target: {fileID: 7924363384054682348, guid: 3578eddbefbeb384c8207d4df9bb51ff,
        type: 3}
      propertyPath: m_LocalEulerAnglesHint.x
      value: 0
      objectReference: {fileID: 0}
    - target: {fileID: 7924363384054682348, guid: 3578eddbefbeb384c8207d4df9bb51ff,
        type: 3}
      propertyPath: m_LocalEulerAnglesHint.y
      value: 0
      objectReference: {fileID: 0}
    - target: {fileID: 7924363384054682348, guid: 3578eddbefbeb384c8207d4df9bb51ff,
        type: 3}
      propertyPath: m_LocalEulerAnglesHint.z
      value: 0
      objectReference: {fileID: 0}
    m_RemovedComponents: []
  m_SourcePrefab: {fileID: 100100000, guid: 3578eddbefbeb384c8207d4df9bb51ff, type: 3}
--- !u!1001 &7227939189801202217
PrefabInstance:
  m_ObjectHideFlags: 0
  serializedVersion: 2
  m_Modification:
    m_TransformParent: {fileID: 5317047743453680138}
    m_Modifications:
    - target: {fileID: 5204218880780459207, guid: 2aed6b0f5b6d5fe4292eeee27b1352e9,
        type: 3}
      propertyPath: m_Name
      value: SmallObstacle (1)
      objectReference: {fileID: 0}
    - target: {fileID: 5204218880780459200, guid: 2aed6b0f5b6d5fe4292eeee27b1352e9,
        type: 3}
      propertyPath: m_LocalPosition.x
      value: 75
      objectReference: {fileID: 0}
    - target: {fileID: 5204218880780459200, guid: 2aed6b0f5b6d5fe4292eeee27b1352e9,
        type: 3}
      propertyPath: m_LocalPosition.y
      value: 0
      objectReference: {fileID: 0}
    - target: {fileID: 5204218880780459200, guid: 2aed6b0f5b6d5fe4292eeee27b1352e9,
        type: 3}
      propertyPath: m_LocalPosition.z
      value: 6
      objectReference: {fileID: 0}
    - target: {fileID: 5204218880780459200, guid: 2aed6b0f5b6d5fe4292eeee27b1352e9,
        type: 3}
      propertyPath: m_LocalRotation.x
      value: -0
      objectReference: {fileID: 0}
    - target: {fileID: 5204218880780459200, guid: 2aed6b0f5b6d5fe4292eeee27b1352e9,
        type: 3}
      propertyPath: m_LocalRotation.y
      value: -0
      objectReference: {fileID: 0}
    - target: {fileID: 5204218880780459200, guid: 2aed6b0f5b6d5fe4292eeee27b1352e9,
        type: 3}
      propertyPath: m_LocalRotation.z
      value: -0
      objectReference: {fileID: 0}
    - target: {fileID: 5204218880780459200, guid: 2aed6b0f5b6d5fe4292eeee27b1352e9,
        type: 3}
      propertyPath: m_LocalRotation.w
      value: 1
      objectReference: {fileID: 0}
    - target: {fileID: 5204218880780459200, guid: 2aed6b0f5b6d5fe4292eeee27b1352e9,
        type: 3}
      propertyPath: m_RootOrder
      value: 16
      objectReference: {fileID: 0}
    - target: {fileID: 5204218880780459200, guid: 2aed6b0f5b6d5fe4292eeee27b1352e9,
        type: 3}
      propertyPath: m_LocalEulerAnglesHint.x
      value: 0
      objectReference: {fileID: 0}
    - target: {fileID: 5204218880780459200, guid: 2aed6b0f5b6d5fe4292eeee27b1352e9,
        type: 3}
      propertyPath: m_LocalEulerAnglesHint.y
      value: 0
      objectReference: {fileID: 0}
    - target: {fileID: 5204218880780459200, guid: 2aed6b0f5b6d5fe4292eeee27b1352e9,
        type: 3}
      propertyPath: m_LocalEulerAnglesHint.z
      value: 0
      objectReference: {fileID: 0}
    m_RemovedComponents: []
  m_SourcePrefab: {fileID: 100100000, guid: 2aed6b0f5b6d5fe4292eeee27b1352e9, type: 3}
--- !u!1001 &7593999371068677778
PrefabInstance:
  m_ObjectHideFlags: 0
  serializedVersion: 2
  m_Modification:
    m_TransformParent: {fileID: 5317047743453680138}
    m_Modifications:
    - target: {fileID: 3925193228007694673, guid: 82f8f6aeabdf9f04cbdaf989601aa84c,
        type: 3}
      propertyPath: m_Name
      value: SwampSmall
      objectReference: {fileID: 0}
    - target: {fileID: 985071118783778816, guid: 82f8f6aeabdf9f04cbdaf989601aa84c,
        type: 3}
      propertyPath: m_LocalPosition.x
      value: 80
      objectReference: {fileID: 0}
    - target: {fileID: 985071118783778816, guid: 82f8f6aeabdf9f04cbdaf989601aa84c,
        type: 3}
      propertyPath: m_LocalPosition.y
      value: 0
      objectReference: {fileID: 0}
    - target: {fileID: 985071118783778816, guid: 82f8f6aeabdf9f04cbdaf989601aa84c,
        type: 3}
      propertyPath: m_LocalPosition.z
      value: 9
      objectReference: {fileID: 0}
    - target: {fileID: 985071118783778816, guid: 82f8f6aeabdf9f04cbdaf989601aa84c,
        type: 3}
      propertyPath: m_LocalRotation.x
      value: -0
      objectReference: {fileID: 0}
    - target: {fileID: 985071118783778816, guid: 82f8f6aeabdf9f04cbdaf989601aa84c,
        type: 3}
      propertyPath: m_LocalRotation.y
      value: -0
      objectReference: {fileID: 0}
    - target: {fileID: 985071118783778816, guid: 82f8f6aeabdf9f04cbdaf989601aa84c,
        type: 3}
      propertyPath: m_LocalRotation.z
      value: -0
      objectReference: {fileID: 0}
    - target: {fileID: 985071118783778816, guid: 82f8f6aeabdf9f04cbdaf989601aa84c,
        type: 3}
      propertyPath: m_LocalRotation.w
      value: 1
      objectReference: {fileID: 0}
    - target: {fileID: 985071118783778816, guid: 82f8f6aeabdf9f04cbdaf989601aa84c,
        type: 3}
      propertyPath: m_RootOrder
      value: 13
      objectReference: {fileID: 0}
    - target: {fileID: 985071118783778816, guid: 82f8f6aeabdf9f04cbdaf989601aa84c,
        type: 3}
      propertyPath: m_LocalEulerAnglesHint.x
      value: 0
      objectReference: {fileID: 0}
    - target: {fileID: 985071118783778816, guid: 82f8f6aeabdf9f04cbdaf989601aa84c,
        type: 3}
      propertyPath: m_LocalEulerAnglesHint.y
      value: 0
      objectReference: {fileID: 0}
    - target: {fileID: 985071118783778816, guid: 82f8f6aeabdf9f04cbdaf989601aa84c,
        type: 3}
      propertyPath: m_LocalEulerAnglesHint.z
      value: 0
      objectReference: {fileID: 0}
    m_RemovedComponents: []
  m_SourcePrefab: {fileID: 100100000, guid: 82f8f6aeabdf9f04cbdaf989601aa84c, type: 3}
--- !u!1001 &8456788516546702792
PrefabInstance:
  m_ObjectHideFlags: 0
  serializedVersion: 2
  m_Modification:
    m_TransformParent: {fileID: 5317047743453680138}
    m_Modifications:
    - target: {fileID: 3925193228007694673, guid: 82f8f6aeabdf9f04cbdaf989601aa84c,
        type: 3}
      propertyPath: m_Name
      value: SwampSmall (1)
      objectReference: {fileID: 0}
    - target: {fileID: 985071118783778816, guid: 82f8f6aeabdf9f04cbdaf989601aa84c,
        type: 3}
      propertyPath: m_LocalPosition.x
      value: 55
      objectReference: {fileID: 0}
    - target: {fileID: 985071118783778816, guid: 82f8f6aeabdf9f04cbdaf989601aa84c,
        type: 3}
      propertyPath: m_LocalPosition.y
      value: 0
      objectReference: {fileID: 0}
    - target: {fileID: 985071118783778816, guid: 82f8f6aeabdf9f04cbdaf989601aa84c,
        type: 3}
      propertyPath: m_LocalPosition.z
      value: 3
      objectReference: {fileID: 0}
    - target: {fileID: 985071118783778816, guid: 82f8f6aeabdf9f04cbdaf989601aa84c,
        type: 3}
      propertyPath: m_LocalRotation.x
      value: -0
      objectReference: {fileID: 0}
    - target: {fileID: 985071118783778816, guid: 82f8f6aeabdf9f04cbdaf989601aa84c,
        type: 3}
      propertyPath: m_LocalRotation.y
      value: -0
      objectReference: {fileID: 0}
    - target: {fileID: 985071118783778816, guid: 82f8f6aeabdf9f04cbdaf989601aa84c,
        type: 3}
      propertyPath: m_LocalRotation.z
      value: -0
      objectReference: {fileID: 0}
    - target: {fileID: 985071118783778816, guid: 82f8f6aeabdf9f04cbdaf989601aa84c,
        type: 3}
      propertyPath: m_LocalRotation.w
      value: 1
      objectReference: {fileID: 0}
    - target: {fileID: 985071118783778816, guid: 82f8f6aeabdf9f04cbdaf989601aa84c,
        type: 3}
      propertyPath: m_RootOrder
      value: 19
      objectReference: {fileID: 0}
    - target: {fileID: 985071118783778816, guid: 82f8f6aeabdf9f04cbdaf989601aa84c,
        type: 3}
      propertyPath: m_LocalEulerAnglesHint.x
      value: 0
      objectReference: {fileID: 0}
    - target: {fileID: 985071118783778816, guid: 82f8f6aeabdf9f04cbdaf989601aa84c,
        type: 3}
      propertyPath: m_LocalEulerAnglesHint.y
      value: 0
      objectReference: {fileID: 0}
    - target: {fileID: 985071118783778816, guid: 82f8f6aeabdf9f04cbdaf989601aa84c,
        type: 3}
      propertyPath: m_LocalEulerAnglesHint.z
      value: 0
      objectReference: {fileID: 0}
    m_RemovedComponents: []
  m_SourcePrefab: {fileID: 100100000, guid: 82f8f6aeabdf9f04cbdaf989601aa84c, type: 3}
--- !u!1001 &9124535046467252027
PrefabInstance:
  m_ObjectHideFlags: 0
  serializedVersion: 2
  m_Modification:
    m_TransformParent: {fileID: 5317047743453680138}
    m_Modifications:
    - target: {fileID: 3925193228007694673, guid: 82f8f6aeabdf9f04cbdaf989601aa84c,
        type: 3}
      propertyPath: m_Name
      value: SwampSmall (2)
      objectReference: {fileID: 0}
    - target: {fileID: 985071118783778816, guid: 82f8f6aeabdf9f04cbdaf989601aa84c,
        type: 3}
      propertyPath: m_LocalPosition.x
      value: 40
      objectReference: {fileID: 0}
    - target: {fileID: 985071118783778816, guid: 82f8f6aeabdf9f04cbdaf989601aa84c,
        type: 3}
      propertyPath: m_LocalPosition.y
      value: 0
      objectReference: {fileID: 0}
    - target: {fileID: 985071118783778816, guid: 82f8f6aeabdf9f04cbdaf989601aa84c,
        type: 3}
      propertyPath: m_LocalPosition.z
      value: 3
      objectReference: {fileID: 0}
    - target: {fileID: 985071118783778816, guid: 82f8f6aeabdf9f04cbdaf989601aa84c,
        type: 3}
      propertyPath: m_LocalRotation.x
      value: -0
      objectReference: {fileID: 0}
    - target: {fileID: 985071118783778816, guid: 82f8f6aeabdf9f04cbdaf989601aa84c,
        type: 3}
      propertyPath: m_LocalRotation.y
      value: -0
      objectReference: {fileID: 0}
    - target: {fileID: 985071118783778816, guid: 82f8f6aeabdf9f04cbdaf989601aa84c,
        type: 3}
      propertyPath: m_LocalRotation.z
      value: -0
      objectReference: {fileID: 0}
    - target: {fileID: 985071118783778816, guid: 82f8f6aeabdf9f04cbdaf989601aa84c,
        type: 3}
      propertyPath: m_LocalRotation.w
      value: 1
      objectReference: {fileID: 0}
    - target: {fileID: 985071118783778816, guid: 82f8f6aeabdf9f04cbdaf989601aa84c,
        type: 3}
      propertyPath: m_RootOrder
      value: 20
      objectReference: {fileID: 0}
    - target: {fileID: 985071118783778816, guid: 82f8f6aeabdf9f04cbdaf989601aa84c,
        type: 3}
      propertyPath: m_LocalEulerAnglesHint.x
      value: 0
      objectReference: {fileID: 0}
    - target: {fileID: 985071118783778816, guid: 82f8f6aeabdf9f04cbdaf989601aa84c,
        type: 3}
      propertyPath: m_LocalEulerAnglesHint.y
      value: 0
      objectReference: {fileID: 0}
    - target: {fileID: 985071118783778816, guid: 82f8f6aeabdf9f04cbdaf989601aa84c,
        type: 3}
      propertyPath: m_LocalEulerAnglesHint.z
      value: 0
      objectReference: {fileID: 0}
    m_RemovedComponents: []
  m_SourcePrefab: {fileID: 100100000, guid: 82f8f6aeabdf9f04cbdaf989601aa84c, type: 3}
