%YAML 1.1
%TAG !u! tag:unity3d.com,2011:
--- !u!1001 &486536731361720922
PrefabInstance:
  m_ObjectHideFlags: 0
  serializedVersion: 2
  m_Modification:
    m_TransformParent: {fileID: 6837332462706335792}
    m_Modifications:
    - target: {fileID: 5204218880780459207, guid: 2aed6b0f5b6d5fe4292eeee27b1352e9,
        type: 3}
      propertyPath: m_Name
      value: SmallObstacle (2)
      objectReference: {fileID: 0}
    - target: {fileID: 5204218880780459200, guid: 2aed6b0f5b6d5fe4292eeee27b1352e9,
        type: 3}
      propertyPath: m_LocalPosition.x
      value: 25
      objectReference: {fileID: 0}
    - target: {fileID: 5204218880780459200, guid: 2aed6b0f5b6d5fe4292eeee27b1352e9,
        type: 3}
      propertyPath: m_LocalPosition.y
      value: 0
      objectReference: {fileID: 0}
    - target: {fileID: 5204218880780459200, guid: 2aed6b0f5b6d5fe4292eeee27b1352e9,
        type: 3}
      propertyPath: m_LocalPosition.z
      value: 3
      objectReference: {fileID: 0}
    - target: {fileID: 5204218880780459200, guid: 2aed6b0f5b6d5fe4292eeee27b1352e9,
        type: 3}
      propertyPath: m_LocalRotation.x
      value: -0
      objectReference: {fileID: 0}
    - target: {fileID: 5204218880780459200, guid: 2aed6b0f5b6d5fe4292eeee27b1352e9,
        type: 3}
      propertyPath: m_LocalRotation.y
      value: -0
      objectReference: {fileID: 0}
    - target: {fileID: 5204218880780459200, guid: 2aed6b0f5b6d5fe4292eeee27b1352e9,
        type: 3}
      propertyPath: m_LocalRotation.z
      value: -0
      objectReference: {fileID: 0}
    - target: {fileID: 5204218880780459200, guid: 2aed6b0f5b6d5fe4292eeee27b1352e9,
        type: 3}
      propertyPath: m_LocalRotation.w
      value: 1
      objectReference: {fileID: 0}
    - target: {fileID: 5204218880780459200, guid: 2aed6b0f5b6d5fe4292eeee27b1352e9,
        type: 3}
      propertyPath: m_RootOrder
      value: 16
      objectReference: {fileID: 0}
    - target: {fileID: 5204218880780459200, guid: 2aed6b0f5b6d5fe4292eeee27b1352e9,
        type: 3}
      propertyPath: m_LocalEulerAnglesHint.x
      value: 0
      objectReference: {fileID: 0}
    - target: {fileID: 5204218880780459200, guid: 2aed6b0f5b6d5fe4292eeee27b1352e9,
        type: 3}
      propertyPath: m_LocalEulerAnglesHint.y
      value: 0
      objectReference: {fileID: 0}
    - target: {fileID: 5204218880780459200, guid: 2aed6b0f5b6d5fe4292eeee27b1352e9,
        type: 3}
      propertyPath: m_LocalEulerAnglesHint.z
      value: 0
      objectReference: {fileID: 0}
    m_RemovedComponents: []
  m_SourcePrefab: {fileID: 100100000, guid: 2aed6b0f5b6d5fe4292eeee27b1352e9, type: 3}
--- !u!1001 &517332334468167416
PrefabInstance:
  m_ObjectHideFlags: 0
  serializedVersion: 2
  m_Modification:
    m_TransformParent: {fileID: 6837332462706335792}
    m_Modifications:
    - target: {fileID: 5204218880780459207, guid: bf92823758b06614095cf630fd7bee4a,
        type: 3}
      propertyPath: m_Name
      value: bigobstacle
      objectReference: {fileID: 0}
    - target: {fileID: 5204218880780459200, guid: bf92823758b06614095cf630fd7bee4a,
        type: 3}
      propertyPath: m_LocalPosition.x
      value: 90
      objectReference: {fileID: 0}
    - target: {fileID: 5204218880780459200, guid: bf92823758b06614095cf630fd7bee4a,
        type: 3}
      propertyPath: m_LocalPosition.y
      value: 0
      objectReference: {fileID: 0}
    - target: {fileID: 5204218880780459200, guid: bf92823758b06614095cf630fd7bee4a,
        type: 3}
      propertyPath: m_LocalPosition.z
      value: 0
      objectReference: {fileID: 0}
    - target: {fileID: 5204218880780459200, guid: bf92823758b06614095cf630fd7bee4a,
        type: 3}
      propertyPath: m_LocalRotation.x
      value: -0
      objectReference: {fileID: 0}
    - target: {fileID: 5204218880780459200, guid: bf92823758b06614095cf630fd7bee4a,
        type: 3}
      propertyPath: m_LocalRotation.y
      value: -0
      objectReference: {fileID: 0}
    - target: {fileID: 5204218880780459200, guid: bf92823758b06614095cf630fd7bee4a,
        type: 3}
      propertyPath: m_LocalRotation.z
      value: -0
      objectReference: {fileID: 0}
    - target: {fileID: 5204218880780459200, guid: bf92823758b06614095cf630fd7bee4a,
        type: 3}
      propertyPath: m_LocalRotation.w
      value: 1
      objectReference: {fileID: 0}
    - target: {fileID: 5204218880780459200, guid: bf92823758b06614095cf630fd7bee4a,
        type: 3}
      propertyPath: m_RootOrder
      value: 12
      objectReference: {fileID: 0}
    - target: {fileID: 5204218880780459200, guid: bf92823758b06614095cf630fd7bee4a,
        type: 3}
      propertyPath: m_LocalEulerAnglesHint.x
      value: 0
      objectReference: {fileID: 0}
    - target: {fileID: 5204218880780459200, guid: bf92823758b06614095cf630fd7bee4a,
        type: 3}
      propertyPath: m_LocalEulerAnglesHint.y
      value: 0
      objectReference: {fileID: 0}
    - target: {fileID: 5204218880780459200, guid: bf92823758b06614095cf630fd7bee4a,
        type: 3}
      propertyPath: m_LocalEulerAnglesHint.z
      value: 0
      objectReference: {fileID: 0}
    m_RemovedComponents: []
  m_SourcePrefab: {fileID: 100100000, guid: bf92823758b06614095cf630fd7bee4a, type: 3}
--- !u!1001 &577526152806657971
PrefabInstance:
  m_ObjectHideFlags: 0
  serializedVersion: 2
  m_Modification:
    m_TransformParent: {fileID: 6837332462706335792}
    m_Modifications:
    - target: {fileID: 5204218880780459207, guid: 2aed6b0f5b6d5fe4292eeee27b1352e9,
        type: 3}
      propertyPath: m_Name
      value: SmallObstacle (1)
      objectReference: {fileID: 0}
    - target: {fileID: 5204218880780459200, guid: 2aed6b0f5b6d5fe4292eeee27b1352e9,
        type: 3}
      propertyPath: m_LocalPosition.x
      value: 30
      objectReference: {fileID: 0}
    - target: {fileID: 5204218880780459200, guid: 2aed6b0f5b6d5fe4292eeee27b1352e9,
        type: 3}
      propertyPath: m_LocalPosition.y
      value: 0
      objectReference: {fileID: 0}
    - target: {fileID: 5204218880780459200, guid: 2aed6b0f5b6d5fe4292eeee27b1352e9,
        type: 3}
      propertyPath: m_LocalPosition.z
      value: 0
      objectReference: {fileID: 0}
    - target: {fileID: 5204218880780459200, guid: 2aed6b0f5b6d5fe4292eeee27b1352e9,
        type: 3}
      propertyPath: m_LocalRotation.x
      value: -0
      objectReference: {fileID: 0}
    - target: {fileID: 5204218880780459200, guid: 2aed6b0f5b6d5fe4292eeee27b1352e9,
        type: 3}
      propertyPath: m_LocalRotation.y
      value: -0
      objectReference: {fileID: 0}
    - target: {fileID: 5204218880780459200, guid: 2aed6b0f5b6d5fe4292eeee27b1352e9,
        type: 3}
      propertyPath: m_LocalRotation.z
      value: -0
      objectReference: {fileID: 0}
    - target: {fileID: 5204218880780459200, guid: 2aed6b0f5b6d5fe4292eeee27b1352e9,
        type: 3}
      propertyPath: m_LocalRotation.w
      value: 1
      objectReference: {fileID: 0}
    - target: {fileID: 5204218880780459200, guid: 2aed6b0f5b6d5fe4292eeee27b1352e9,
        type: 3}
      propertyPath: m_RootOrder
      value: 15
      objectReference: {fileID: 0}
    - target: {fileID: 5204218880780459200, guid: 2aed6b0f5b6d5fe4292eeee27b1352e9,
        type: 3}
      propertyPath: m_LocalEulerAnglesHint.x
      value: 0
      objectReference: {fileID: 0}
    - target: {fileID: 5204218880780459200, guid: 2aed6b0f5b6d5fe4292eeee27b1352e9,
        type: 3}
      propertyPath: m_LocalEulerAnglesHint.y
      value: 0
      objectReference: {fileID: 0}
    - target: {fileID: 5204218880780459200, guid: 2aed6b0f5b6d5fe4292eeee27b1352e9,
        type: 3}
      propertyPath: m_LocalEulerAnglesHint.z
      value: 0
      objectReference: {fileID: 0}
    m_RemovedComponents: []
  m_SourcePrefab: {fileID: 100100000, guid: 2aed6b0f5b6d5fe4292eeee27b1352e9, type: 3}
--- !u!1001 &654662194313280580
PrefabInstance:
  m_ObjectHideFlags: 0
  serializedVersion: 2
  m_Modification:
    m_TransformParent: {fileID: 6837332462706335792}
    m_Modifications:
    - target: {fileID: 5204218880780459207, guid: bf92823758b06614095cf630fd7bee4a,
        type: 3}
      propertyPath: m_Name
      value: bigobstacle (1)
      objectReference: {fileID: 0}
    - target: {fileID: 5204218880780459200, guid: bf92823758b06614095cf630fd7bee4a,
        type: 3}
      propertyPath: m_LocalPosition.x
      value: -60
      objectReference: {fileID: 0}
    - target: {fileID: 5204218880780459200, guid: bf92823758b06614095cf630fd7bee4a,
        type: 3}
      propertyPath: m_LocalPosition.y
      value: 0
      objectReference: {fileID: 0}
    - target: {fileID: 5204218880780459200, guid: bf92823758b06614095cf630fd7bee4a,
        type: 3}
      propertyPath: m_LocalPosition.z
      value: 3
      objectReference: {fileID: 0}
    - target: {fileID: 5204218880780459200, guid: bf92823758b06614095cf630fd7bee4a,
        type: 3}
      propertyPath: m_LocalRotation.x
      value: -0
      objectReference: {fileID: 0}
    - target: {fileID: 5204218880780459200, guid: bf92823758b06614095cf630fd7bee4a,
        type: 3}
      propertyPath: m_LocalRotation.y
      value: -0
      objectReference: {fileID: 0}
    - target: {fileID: 5204218880780459200, guid: bf92823758b06614095cf630fd7bee4a,
        type: 3}
      propertyPath: m_LocalRotation.z
      value: -0
      objectReference: {fileID: 0}
    - target: {fileID: 5204218880780459200, guid: bf92823758b06614095cf630fd7bee4a,
        type: 3}
      propertyPath: m_LocalRotation.w
      value: 1
      objectReference: {fileID: 0}
    - target: {fileID: 5204218880780459200, guid: bf92823758b06614095cf630fd7bee4a,
        type: 3}
      propertyPath: m_RootOrder
      value: 23
      objectReference: {fileID: 0}
    - target: {fileID: 5204218880780459200, guid: bf92823758b06614095cf630fd7bee4a,
        type: 3}
      propertyPath: m_LocalEulerAnglesHint.x
      value: 0
      objectReference: {fileID: 0}
    - target: {fileID: 5204218880780459200, guid: bf92823758b06614095cf630fd7bee4a,
        type: 3}
      propertyPath: m_LocalEulerAnglesHint.y
      value: 0
      objectReference: {fileID: 0}
    - target: {fileID: 5204218880780459200, guid: bf92823758b06614095cf630fd7bee4a,
        type: 3}
      propertyPath: m_LocalEulerAnglesHint.z
      value: 0
      objectReference: {fileID: 0}
    m_RemovedComponents: []
  m_SourcePrefab: {fileID: 100100000, guid: bf92823758b06614095cf630fd7bee4a, type: 3}
--- !u!1001 &1993381272048128705
PrefabInstance:
  m_ObjectHideFlags: 0
  serializedVersion: 2
  m_Modification:
    m_TransformParent: {fileID: 0}
    m_Modifications:
    - target: {fileID: 4993080294161773296, guid: 60c5d86fff61dbe4c83cf0477f8fdcc9,
        type: 3}
      propertyPath: m_Name
      value: GroundSegment Variant
      objectReference: {fileID: 0}
    - target: {fileID: 4993080294161773297, guid: 60c5d86fff61dbe4c83cf0477f8fdcc9,
        type: 3}
      propertyPath: m_LocalPosition.x
      value: 0
      objectReference: {fileID: 0}
    - target: {fileID: 4993080294161773297, guid: 60c5d86fff61dbe4c83cf0477f8fdcc9,
        type: 3}
      propertyPath: m_LocalPosition.y
      value: 0
      objectReference: {fileID: 0}
    - target: {fileID: 4993080294161773297, guid: 60c5d86fff61dbe4c83cf0477f8fdcc9,
        type: 3}
      propertyPath: m_LocalPosition.z
      value: 0
      objectReference: {fileID: 0}
    - target: {fileID: 4993080294161773297, guid: 60c5d86fff61dbe4c83cf0477f8fdcc9,
        type: 3}
      propertyPath: m_LocalRotation.x
      value: 0
      objectReference: {fileID: 0}
    - target: {fileID: 4993080294161773297, guid: 60c5d86fff61dbe4c83cf0477f8fdcc9,
        type: 3}
      propertyPath: m_LocalRotation.y
      value: 0
      objectReference: {fileID: 0}
    - target: {fileID: 4993080294161773297, guid: 60c5d86fff61dbe4c83cf0477f8fdcc9,
        type: 3}
      propertyPath: m_LocalRotation.z
      value: 0
      objectReference: {fileID: 0}
    - target: {fileID: 4993080294161773297, guid: 60c5d86fff61dbe4c83cf0477f8fdcc9,
        type: 3}
      propertyPath: m_LocalRotation.w
      value: 1
      objectReference: {fileID: 0}
    - target: {fileID: 4993080294161773297, guid: 60c5d86fff61dbe4c83cf0477f8fdcc9,
        type: 3}
      propertyPath: m_RootOrder
      value: 0
      objectReference: {fileID: 0}
    - target: {fileID: 4993080294161773297, guid: 60c5d86fff61dbe4c83cf0477f8fdcc9,
        type: 3}
      propertyPath: m_LocalEulerAnglesHint.x
      value: 0
      objectReference: {fileID: 0}
    - target: {fileID: 4993080294161773297, guid: 60c5d86fff61dbe4c83cf0477f8fdcc9,
        type: 3}
      propertyPath: m_LocalEulerAnglesHint.y
      value: 0
      objectReference: {fileID: 0}
    - target: {fileID: 4993080294161773297, guid: 60c5d86fff61dbe4c83cf0477f8fdcc9,
        type: 3}
      propertyPath: m_LocalEulerAnglesHint.z
      value: 0
      objectReference: {fileID: 0}
    m_RemovedComponents: []
  m_SourcePrefab: {fileID: 100100000, guid: 60c5d86fff61dbe4c83cf0477f8fdcc9, type: 3}
--- !u!4 &6837332462706335792 stripped
Transform:
  m_CorrespondingSourceObject: {fileID: 4993080294161773297, guid: 60c5d86fff61dbe4c83cf0477f8fdcc9,
    type: 3}
  m_PrefabInstance: {fileID: 1993381272048128705}
  m_PrefabAsset: {fileID: 0}
--- !u!1001 &2660652539726094834
PrefabInstance:
  m_ObjectHideFlags: 0
  serializedVersion: 2
  m_Modification:
    m_TransformParent: {fileID: 6837332462706335792}
    m_Modifications:
    - target: {fileID: 5530970958531470979, guid: 3578eddbefbeb384c8207d4df9bb51ff,
        type: 3}
      propertyPath: m_Name
      value: bigswamp
      objectReference: {fileID: 0}
    - target: {fileID: 7924363384054682348, guid: 3578eddbefbeb384c8207d4df9bb51ff,
        type: 3}
      propertyPath: m_LocalPosition.x
      value: 0
      objectReference: {fileID: 0}
    - target: {fileID: 7924363384054682348, guid: 3578eddbefbeb384c8207d4df9bb51ff,
        type: 3}
      propertyPath: m_LocalPosition.y
      value: 0
      objectReference: {fileID: 0}
    - target: {fileID: 7924363384054682348, guid: 3578eddbefbeb384c8207d4df9bb51ff,
        type: 3}
      propertyPath: m_LocalPosition.z
      value: 3
      objectReference: {fileID: 0}
    - target: {fileID: 7924363384054682348, guid: 3578eddbefbeb384c8207d4df9bb51ff,
        type: 3}
      propertyPath: m_LocalRotation.x
      value: -0
      objectReference: {fileID: 0}
    - target: {fileID: 7924363384054682348, guid: 3578eddbefbeb384c8207d4df9bb51ff,
        type: 3}
      propertyPath: m_LocalRotation.y
      value: -0
      objectReference: {fileID: 0}
    - target: {fileID: 7924363384054682348, guid: 3578eddbefbeb384c8207d4df9bb51ff,
        type: 3}
      propertyPath: m_LocalRotation.z
      value: -0
      objectReference: {fileID: 0}
    - target: {fileID: 7924363384054682348, guid: 3578eddbefbeb384c8207d4df9bb51ff,
        type: 3}
      propertyPath: m_LocalRotation.w
      value: 1
      objectReference: {fileID: 0}
    - target: {fileID: 7924363384054682348, guid: 3578eddbefbeb384c8207d4df9bb51ff,
        type: 3}
      propertyPath: m_RootOrder
      value: 19
      objectReference: {fileID: 0}
    - target: {fileID: 7924363384054682348, guid: 3578eddbefbeb384c8207d4df9bb51ff,
        type: 3}
      propertyPath: m_LocalEulerAnglesHint.x
      value: 0
      objectReference: {fileID: 0}
    - target: {fileID: 7924363384054682348, guid: 3578eddbefbeb384c8207d4df9bb51ff,
        type: 3}
      propertyPath: m_LocalEulerAnglesHint.y
      value: 0
      objectReference: {fileID: 0}
    - target: {fileID: 7924363384054682348, guid: 3578eddbefbeb384c8207d4df9bb51ff,
        type: 3}
      propertyPath: m_LocalEulerAnglesHint.z
      value: 0
      objectReference: {fileID: 0}
    m_RemovedComponents: []
  m_SourcePrefab: {fileID: 100100000, guid: 3578eddbefbeb384c8207d4df9bb51ff, type: 3}
--- !u!1001 &3117321184717150750
PrefabInstance:
  m_ObjectHideFlags: 0
  serializedVersion: 2
  m_Modification:
    m_TransformParent: {fileID: 6837332462706335792}
    m_Modifications:
    - target: {fileID: 3925193228007694673, guid: 82f8f6aeabdf9f04cbdaf989601aa84c,
        type: 3}
      propertyPath: m_Name
      value: SwampSmall
      objectReference: {fileID: 0}
    - target: {fileID: 985071118783778816, guid: 82f8f6aeabdf9f04cbdaf989601aa84c,
        type: 3}
      propertyPath: m_LocalPosition.x
      value: 50
      objectReference: {fileID: 0}
    - target: {fileID: 985071118783778816, guid: 82f8f6aeabdf9f04cbdaf989601aa84c,
        type: 3}
      propertyPath: m_LocalPosition.y
      value: 0
      objectReference: {fileID: 0}
    - target: {fileID: 985071118783778816, guid: 82f8f6aeabdf9f04cbdaf989601aa84c,
        type: 3}
      propertyPath: m_LocalPosition.z
      value: 3
      objectReference: {fileID: 0}
    - target: {fileID: 985071118783778816, guid: 82f8f6aeabdf9f04cbdaf989601aa84c,
        type: 3}
      propertyPath: m_LocalRotation.x
      value: -0
      objectReference: {fileID: 0}
    - target: {fileID: 985071118783778816, guid: 82f8f6aeabdf9f04cbdaf989601aa84c,
        type: 3}
      propertyPath: m_LocalRotation.y
      value: -0
      objectReference: {fileID: 0}
    - target: {fileID: 985071118783778816, guid: 82f8f6aeabdf9f04cbdaf989601aa84c,
        type: 3}
      propertyPath: m_LocalRotation.z
      value: -0
      objectReference: {fileID: 0}
    - target: {fileID: 985071118783778816, guid: 82f8f6aeabdf9f04cbdaf989601aa84c,
        type: 3}
      propertyPath: m_LocalRotation.w
      value: 1
      objectReference: {fileID: 0}
    - target: {fileID: 985071118783778816, guid: 82f8f6aeabdf9f04cbdaf989601aa84c,
        type: 3}
      propertyPath: m_RootOrder
      value: 14
      objectReference: {fileID: 0}
    - target: {fileID: 985071118783778816, guid: 82f8f6aeabdf9f04cbdaf989601aa84c,
        type: 3}
      propertyPath: m_LocalEulerAnglesHint.x
      value: 0
      objectReference: {fileID: 0}
    - target: {fileID: 985071118783778816, guid: 82f8f6aeabdf9f04cbdaf989601aa84c,
        type: 3}
      propertyPath: m_LocalEulerAnglesHint.y
      value: 0
      objectReference: {fileID: 0}
    - target: {fileID: 985071118783778816, guid: 82f8f6aeabdf9f04cbdaf989601aa84c,
        type: 3}
      propertyPath: m_LocalEulerAnglesHint.z
      value: 0
      objectReference: {fileID: 0}
    m_RemovedComponents: []
  m_SourcePrefab: {fileID: 100100000, guid: 82f8f6aeabdf9f04cbdaf989601aa84c, type: 3}
--- !u!1001 &3148666085385523258
PrefabInstance:
  m_ObjectHideFlags: 0
  serializedVersion: 2
  m_Modification:
    m_TransformParent: {fileID: 6837332462706335792}
    m_Modifications:
    - target: {fileID: 951426159332584171, guid: 3c7f61de9245e2d48a29623cb373d8ef,
        type: 3}
      propertyPath: m_Name
      value: ManaPickUp
      objectReference: {fileID: 0}
    - target: {fileID: 951426159332584172, guid: 3c7f61de9245e2d48a29623cb373d8ef,
        type: 3}
      propertyPath: m_LocalPosition.x
      value: 30
      objectReference: {fileID: 0}
    - target: {fileID: 951426159332584172, guid: 3c7f61de9245e2d48a29623cb373d8ef,
        type: 3}
      propertyPath: m_LocalPosition.y
      value: 1
      objectReference: {fileID: 0}
    - target: {fileID: 951426159332584172, guid: 3c7f61de9245e2d48a29623cb373d8ef,
        type: 3}
      propertyPath: m_LocalPosition.z
      value: 3
      objectReference: {fileID: 0}
    - target: {fileID: 951426159332584172, guid: 3c7f61de9245e2d48a29623cb373d8ef,
        type: 3}
      propertyPath: m_LocalRotation.x
      value: -0
      objectReference: {fileID: 0}
    - target: {fileID: 951426159332584172, guid: 3c7f61de9245e2d48a29623cb373d8ef,
        type: 3}
      propertyPath: m_LocalRotation.y
      value: -0
      objectReference: {fileID: 0}
    - target: {fileID: 951426159332584172, guid: 3c7f61de9245e2d48a29623cb373d8ef,
        type: 3}
      propertyPath: m_LocalRotation.z
      value: -0
      objectReference: {fileID: 0}
    - target: {fileID: 951426159332584172, guid: 3c7f61de9245e2d48a29623cb373d8ef,
        type: 3}
      propertyPath: m_LocalRotation.w
      value: 1
      objectReference: {fileID: 0}
    - target: {fileID: 951426159332584172, guid: 3c7f61de9245e2d48a29623cb373d8ef,
        type: 3}
      propertyPath: m_RootOrder
      value: 18
      objectReference: {fileID: 0}
    - target: {fileID: 951426159332584172, guid: 3c7f61de9245e2d48a29623cb373d8ef,
        type: 3}
      propertyPath: m_LocalEulerAnglesHint.x
      value: 0
      objectReference: {fileID: 0}
    - target: {fileID: 951426159332584172, guid: 3c7f61de9245e2d48a29623cb373d8ef,
        type: 3}
      propertyPath: m_LocalEulerAnglesHint.y
      value: 0
      objectReference: {fileID: 0}
    - target: {fileID: 951426159332584172, guid: 3c7f61de9245e2d48a29623cb373d8ef,
        type: 3}
      propertyPath: m_LocalEulerAnglesHint.z
      value: 0
      objectReference: {fileID: 0}
    m_RemovedComponents: []
  m_SourcePrefab: {fileID: 100100000, guid: 3c7f61de9245e2d48a29623cb373d8ef, type: 3}
--- !u!1001 &3865686834651110490
PrefabInstance:
  m_ObjectHideFlags: 0
  serializedVersion: 2
  m_Modification:
    m_TransformParent: {fileID: 6837332462706335792}
    m_Modifications:
    - target: {fileID: 3925193228007694673, guid: 82f8f6aeabdf9f04cbdaf989601aa84c,
        type: 3}
      propertyPath: m_Name
      value: SwampSmall (1)
      objectReference: {fileID: 0}
    - target: {fileID: 985071118783778816, guid: 82f8f6aeabdf9f04cbdaf989601aa84c,
        type: 3}
      propertyPath: m_LocalPosition.x
      value: -25
      objectReference: {fileID: 0}
    - target: {fileID: 985071118783778816, guid: 82f8f6aeabdf9f04cbdaf989601aa84c,
        type: 3}
      propertyPath: m_LocalPosition.y
      value: 0
      objectReference: {fileID: 0}
    - target: {fileID: 985071118783778816, guid: 82f8f6aeabdf9f04cbdaf989601aa84c,
        type: 3}
      propertyPath: m_LocalPosition.z
      value: 0
      objectReference: {fileID: 0}
    - target: {fileID: 985071118783778816, guid: 82f8f6aeabdf9f04cbdaf989601aa84c,
        type: 3}
      propertyPath: m_LocalRotation.x
      value: -0
      objectReference: {fileID: 0}
    - target: {fileID: 985071118783778816, guid: 82f8f6aeabdf9f04cbdaf989601aa84c,
        type: 3}
      propertyPath: m_LocalRotation.y
      value: -0
      objectReference: {fileID: 0}
    - target: {fileID: 985071118783778816, guid: 82f8f6aeabdf9f04cbdaf989601aa84c,
        type: 3}
      propertyPath: m_LocalRotation.z
      value: -0
      objectReference: {fileID: 0}
    - target: {fileID: 985071118783778816, guid: 82f8f6aeabdf9f04cbdaf989601aa84c,
        type: 3}
      propertyPath: m_LocalRotation.w
      value: 1
      objectReference: {fileID: 0}
    - target: {fileID: 985071118783778816, guid: 82f8f6aeabdf9f04cbdaf989601aa84c,
        type: 3}
      propertyPath: m_RootOrder
      value: 21
      objectReference: {fileID: 0}
    - target: {fileID: 985071118783778816, guid: 82f8f6aeabdf9f04cbdaf989601aa84c,
        type: 3}
      propertyPath: m_LocalEulerAnglesHint.x
      value: 0
      objectReference: {fileID: 0}
    - target: {fileID: 985071118783778816, guid: 82f8f6aeabdf9f04cbdaf989601aa84c,
        type: 3}
      propertyPath: m_LocalEulerAnglesHint.y
      value: 0
      objectReference: {fileID: 0}
    - target: {fileID: 985071118783778816, guid: 82f8f6aeabdf9f04cbdaf989601aa84c,
        type: 3}
      propertyPath: m_LocalEulerAnglesHint.z
      value: 0
      objectReference: {fileID: 0}
    m_RemovedComponents: []
  m_SourcePrefab: {fileID: 100100000, guid: 82f8f6aeabdf9f04cbdaf989601aa84c, type: 3}
--- !u!1001 &4897621569309492784
PrefabInstance:
  m_ObjectHideFlags: 0
  serializedVersion: 2
  m_Modification:
    m_TransformParent: {fileID: 6837332462706335792}
    m_Modifications:
    - target: {fileID: 951426159332584171, guid: 3c7f61de9245e2d48a29623cb373d8ef,
        type: 3}
      propertyPath: m_Name
      value: ManaPickUp (1)
      objectReference: {fileID: 0}
    - target: {fileID: 951426159332584172, guid: 3c7f61de9245e2d48a29623cb373d8ef,
        type: 3}
      propertyPath: m_LocalPosition.x
      value: -15
      objectReference: {fileID: 0}
    - target: {fileID: 951426159332584172, guid: 3c7f61de9245e2d48a29623cb373d8ef,
        type: 3}
      propertyPath: m_LocalPosition.y
      value: 1
      objectReference: {fileID: 0}
    - target: {fileID: 951426159332584172, guid: 3c7f61de9245e2d48a29623cb373d8ef,
        type: 3}
      propertyPath: m_LocalPosition.z
      value: 0
      objectReference: {fileID: 0}
    - target: {fileID: 951426159332584172, guid: 3c7f61de9245e2d48a29623cb373d8ef,
        type: 3}
      propertyPath: m_LocalRotation.x
      value: -0
      objectReference: {fileID: 0}
    - target: {fileID: 951426159332584172, guid: 3c7f61de9245e2d48a29623cb373d8ef,
        type: 3}
      propertyPath: m_LocalRotation.y
      value: -0
      objectReference: {fileID: 0}
    - target: {fileID: 951426159332584172, guid: 3c7f61de9245e2d48a29623cb373d8ef,
        type: 3}
      propertyPath: m_LocalRotation.z
      value: -0
      objectReference: {fileID: 0}
    - target: {fileID: 951426159332584172, guid: 3c7f61de9245e2d48a29623cb373d8ef,
        type: 3}
      propertyPath: m_LocalRotation.w
      value: 1
      objectReference: {fileID: 0}
    - target: {fileID: 951426159332584172, guid: 3c7f61de9245e2d48a29623cb373d8ef,
        type: 3}
      propertyPath: m_RootOrder
      value: 20
      objectReference: {fileID: 0}
    - target: {fileID: 951426159332584172, guid: 3c7f61de9245e2d48a29623cb373d8ef,
        type: 3}
      propertyPath: m_LocalEulerAnglesHint.x
      value: 0
      objectReference: {fileID: 0}
    - target: {fileID: 951426159332584172, guid: 3c7f61de9245e2d48a29623cb373d8ef,
        type: 3}
      propertyPath: m_LocalEulerAnglesHint.y
      value: 0
      objectReference: {fileID: 0}
    - target: {fileID: 951426159332584172, guid: 3c7f61de9245e2d48a29623cb373d8ef,
        type: 3}
      propertyPath: m_LocalEulerAnglesHint.z
      value: 0
      objectReference: {fileID: 0}
    m_RemovedComponents: []
  m_SourcePrefab: {fileID: 100100000, guid: 3c7f61de9245e2d48a29623cb373d8ef, type: 3}
--- !u!1001 &5721723385381300183
PrefabInstance:
  m_ObjectHideFlags: 0
  serializedVersion: 2
  m_Modification:
    m_TransformParent: {fileID: 6837332462706335792}
    m_Modifications:
    - target: {fileID: 5204218880780459207, guid: 2aed6b0f5b6d5fe4292eeee27b1352e9,
        type: 3}
      propertyPath: m_Name
      value: SmallObstacle
      objectReference: {fileID: 0}
    - target: {fileID: 5204218880780459200, guid: 2aed6b0f5b6d5fe4292eeee27b1352e9,
        type: 3}
      propertyPath: m_LocalPosition.x
      value: 60
      objectReference: {fileID: 0}
    - target: {fileID: 5204218880780459200, guid: 2aed6b0f5b6d5fe4292eeee27b1352e9,
        type: 3}
      propertyPath: m_LocalPosition.y
      value: 0
      objectReference: {fileID: 0}
    - target: {fileID: 5204218880780459200, guid: 2aed6b0f5b6d5fe4292eeee27b1352e9,
        type: 3}
      propertyPath: m_LocalPosition.z
      value: 6
      objectReference: {fileID: 0}
    - target: {fileID: 5204218880780459200, guid: 2aed6b0f5b6d5fe4292eeee27b1352e9,
        type: 3}
      propertyPath: m_LocalRotation.x
      value: -0
      objectReference: {fileID: 0}
    - target: {fileID: 5204218880780459200, guid: 2aed6b0f5b6d5fe4292eeee27b1352e9,
        type: 3}
      propertyPath: m_LocalRotation.y
      value: -0
      objectReference: {fileID: 0}
    - target: {fileID: 5204218880780459200, guid: 2aed6b0f5b6d5fe4292eeee27b1352e9,
        type: 3}
      propertyPath: m_LocalRotation.z
      value: -0
      objectReference: {fileID: 0}
    - target: {fileID: 5204218880780459200, guid: 2aed6b0f5b6d5fe4292eeee27b1352e9,
        type: 3}
      propertyPath: m_LocalRotation.w
      value: 1
      objectReference: {fileID: 0}
    - target: {fileID: 5204218880780459200, guid: 2aed6b0f5b6d5fe4292eeee27b1352e9,
        type: 3}
      propertyPath: m_RootOrder
      value: 13
      objectReference: {fileID: 0}
    - target: {fileID: 5204218880780459200, guid: 2aed6b0f5b6d5fe4292eeee27b1352e9,
        type: 3}
      propertyPath: m_LocalEulerAnglesHint.x
      value: 0
      objectReference: {fileID: 0}
    - target: {fileID: 5204218880780459200, guid: 2aed6b0f5b6d5fe4292eeee27b1352e9,
        type: 3}
      propertyPath: m_LocalEulerAnglesHint.y
      value: 0
      objectReference: {fileID: 0}
    - target: {fileID: 5204218880780459200, guid: 2aed6b0f5b6d5fe4292eeee27b1352e9,
        type: 3}
      propertyPath: m_LocalEulerAnglesHint.z
      value: 0
      objectReference: {fileID: 0}
    m_RemovedComponents: []
  m_SourcePrefab: {fileID: 100100000, guid: 2aed6b0f5b6d5fe4292eeee27b1352e9, type: 3}
--- !u!1001 &6611138943901092713
PrefabInstance:
  m_ObjectHideFlags: 0
  serializedVersion: 2
  m_Modification:
    m_TransformParent: {fileID: 6837332462706335792}
    m_Modifications:
    - target: {fileID: 5204218880780459207, guid: 2aed6b0f5b6d5fe4292eeee27b1352e9,
        type: 3}
      propertyPath: m_Name
      value: SmallObstacle (3)
      objectReference: {fileID: 0}
    - target: {fileID: 5204218880780459200, guid: 2aed6b0f5b6d5fe4292eeee27b1352e9,
        type: 3}
      propertyPath: m_LocalPosition.x
      value: 10
      objectReference: {fileID: 0}
    - target: {fileID: 5204218880780459200, guid: 2aed6b0f5b6d5fe4292eeee27b1352e9,
        type: 3}
      propertyPath: m_LocalPosition.y
      value: 0
      objectReference: {fileID: 0}
    - target: {fileID: 5204218880780459200, guid: 2aed6b0f5b6d5fe4292eeee27b1352e9,
        type: 3}
      propertyPath: m_LocalPosition.z
      value: 6
      objectReference: {fileID: 0}
    - target: {fileID: 5204218880780459200, guid: 2aed6b0f5b6d5fe4292eeee27b1352e9,
        type: 3}
      propertyPath: m_LocalRotation.x
      value: -0
      objectReference: {fileID: 0}
    - target: {fileID: 5204218880780459200, guid: 2aed6b0f5b6d5fe4292eeee27b1352e9,
        type: 3}
      propertyPath: m_LocalRotation.y
      value: -0
      objectReference: {fileID: 0}
    - target: {fileID: 5204218880780459200, guid: 2aed6b0f5b6d5fe4292eeee27b1352e9,
        type: 3}
      propertyPath: m_LocalRotation.z
      value: -0
      objectReference: {fileID: 0}
    - target: {fileID: 5204218880780459200, guid: 2aed6b0f5b6d5fe4292eeee27b1352e9,
        type: 3}
      propertyPath: m_LocalRotation.w
      value: 1
      objectReference: {fileID: 0}
    - target: {fileID: 5204218880780459200, guid: 2aed6b0f5b6d5fe4292eeee27b1352e9,
        type: 3}
      propertyPath: m_RootOrder
      value: 17
      objectReference: {fileID: 0}
    - target: {fileID: 5204218880780459200, guid: 2aed6b0f5b6d5fe4292eeee27b1352e9,
        type: 3}
      propertyPath: m_LocalEulerAnglesHint.x
      value: 0
      objectReference: {fileID: 0}
    - target: {fileID: 5204218880780459200, guid: 2aed6b0f5b6d5fe4292eeee27b1352e9,
        type: 3}
      propertyPath: m_LocalEulerAnglesHint.y
      value: 0
      objectReference: {fileID: 0}
    - target: {fileID: 5204218880780459200, guid: 2aed6b0f5b6d5fe4292eeee27b1352e9,
        type: 3}
      propertyPath: m_LocalEulerAnglesHint.z
      value: 0
      objectReference: {fileID: 0}
    m_RemovedComponents: []
  m_SourcePrefab: {fileID: 100100000, guid: 2aed6b0f5b6d5fe4292eeee27b1352e9, type: 3}
--- !u!1001 &7536819935741347889
PrefabInstance:
  m_ObjectHideFlags: 0
  serializedVersion: 2
  m_Modification:
    m_TransformParent: {fileID: 6837332462706335792}
    m_Modifications:
    - target: {fileID: 3925193228007694673, guid: 82f8f6aeabdf9f04cbdaf989601aa84c,
        type: 3}
      propertyPath: m_Name
      value: SwampSmall (2)
      objectReference: {fileID: 0}
    - target: {fileID: 985071118783778816, guid: 82f8f6aeabdf9f04cbdaf989601aa84c,
        type: 3}
      propertyPath: m_LocalPosition.x
      value: -30
      objectReference: {fileID: 0}
    - target: {fileID: 985071118783778816, guid: 82f8f6aeabdf9f04cbdaf989601aa84c,
        type: 3}
      propertyPath: m_LocalPosition.y
      value: 0
      objectReference: {fileID: 0}
    - target: {fileID: 985071118783778816, guid: 82f8f6aeabdf9f04cbdaf989601aa84c,
        type: 3}
      propertyPath: m_LocalPosition.z
      value: 6
      objectReference: {fileID: 0}
    - target: {fileID: 985071118783778816, guid: 82f8f6aeabdf9f04cbdaf989601aa84c,
        type: 3}
      propertyPath: m_LocalRotation.x
      value: -0
      objectReference: {fileID: 0}
    - target: {fileID: 985071118783778816, guid: 82f8f6aeabdf9f04cbdaf989601aa84c,
        type: 3}
      propertyPath: m_LocalRotation.y
      value: -0
      objectReference: {fileID: 0}
    - target: {fileID: 985071118783778816, guid: 82f8f6aeabdf9f04cbdaf989601aa84c,
        type: 3}
      propertyPath: m_LocalRotation.z
      value: -0
      objectReference: {fileID: 0}
    - target: {fileID: 985071118783778816, guid: 82f8f6aeabdf9f04cbdaf989601aa84c,
        type: 3}
      propertyPath: m_LocalRotation.w
      value: 1
      objectReference: {fileID: 0}
    - target: {fileID: 985071118783778816, guid: 82f8f6aeabdf9f04cbdaf989601aa84c,
        type: 3}
      propertyPath: m_RootOrder
      value: 22
      objectReference: {fileID: 0}
    - target: {fileID: 985071118783778816, guid: 82f8f6aeabdf9f04cbdaf989601aa84c,
        type: 3}
      propertyPath: m_LocalEulerAnglesHint.x
      value: 0
      objectReference: {fileID: 0}
    - target: {fileID: 985071118783778816, guid: 82f8f6aeabdf9f04cbdaf989601aa84c,
        type: 3}
      propertyPath: m_LocalEulerAnglesHint.y
      value: 0
      objectReference: {fileID: 0}
    - target: {fileID: 985071118783778816, guid: 82f8f6aeabdf9f04cbdaf989601aa84c,
        type: 3}
      propertyPath: m_LocalEulerAnglesHint.z
      value: 0
      objectReference: {fileID: 0}
    m_RemovedComponents: []
  m_SourcePrefab: {fileID: 100100000, guid: 82f8f6aeabdf9f04cbdaf989601aa84c, type: 3}
