%YAML 1.1
%TAG !u! tag:unity3d.com,2011:
--- !u!1001 &538226527955373108
PrefabInstance:
  m_ObjectHideFlags: 0
  serializedVersion: 2
  m_Modification:
    m_TransformParent: {fileID: 4458111837515279161}
    m_Modifications:
    - target: {fileID: 5204218880780459207, guid: 2aed6b0f5b6d5fe4292eeee27b1352e9,
        type: 3}
      propertyPath: m_Name
      value: SmallObstacle (9)
      objectReference: {fileID: 0}
    - target: {fileID: 5204218880780459200, guid: 2aed6b0f5b6d5fe4292eeee27b1352e9,
        type: 3}
      propertyPath: m_LocalPosition.x
      value: 74.02
      objectReference: {fileID: 0}
    - target: {fileID: 5204218880780459200, guid: 2aed6b0f5b6d5fe4292eeee27b1352e9,
        type: 3}
      propertyPath: m_LocalPosition.y
      value: 0.008249998
      objectReference: {fileID: 0}
    - target: {fileID: 5204218880780459200, guid: 2aed6b0f5b6d5fe4292eeee27b1352e9,
        type: 3}
      propertyPath: m_LocalPosition.z
      value: 0.11
      objectReference: {fileID: 0}
    - target: {fileID: 5204218880780459200, guid: 2aed6b0f5b6d5fe4292eeee27b1352e9,
        type: 3}
      propertyPath: m_LocalRotation.x
      value: -0
      objectReference: {fileID: 0}
    - target: {fileID: 5204218880780459200, guid: 2aed6b0f5b6d5fe4292eeee27b1352e9,
        type: 3}
      propertyPath: m_LocalRotation.y
      value: -0
      objectReference: {fileID: 0}
    - target: {fileID: 5204218880780459200, guid: 2aed6b0f5b6d5fe4292eeee27b1352e9,
        type: 3}
      propertyPath: m_LocalRotation.z
      value: -0
      objectReference: {fileID: 0}
    - target: {fileID: 5204218880780459200, guid: 2aed6b0f5b6d5fe4292eeee27b1352e9,
        type: 3}
      propertyPath: m_LocalRotation.w
      value: 1
      objectReference: {fileID: 0}
    - target: {fileID: 5204218880780459200, guid: 2aed6b0f5b6d5fe4292eeee27b1352e9,
        type: 3}
      propertyPath: m_RootOrder
      value: 15
      objectReference: {fileID: 0}
    - target: {fileID: 5204218880780459200, guid: 2aed6b0f5b6d5fe4292eeee27b1352e9,
        type: 3}
      propertyPath: m_LocalEulerAnglesHint.x
      value: 0
      objectReference: {fileID: 0}
    - target: {fileID: 5204218880780459200, guid: 2aed6b0f5b6d5fe4292eeee27b1352e9,
        type: 3}
      propertyPath: m_LocalEulerAnglesHint.y
      value: 0
      objectReference: {fileID: 0}
    - target: {fileID: 5204218880780459200, guid: 2aed6b0f5b6d5fe4292eeee27b1352e9,
        type: 3}
      propertyPath: m_LocalEulerAnglesHint.z
      value: 0
      objectReference: {fileID: 0}
    m_RemovedComponents: []
  m_SourcePrefab: {fileID: 100100000, guid: 2aed6b0f5b6d5fe4292eeee27b1352e9, type: 3}
--- !u!1001 &744890280659453362
PrefabInstance:
  m_ObjectHideFlags: 0
  serializedVersion: 2
  m_Modification:
    m_TransformParent: {fileID: 4458111837515279161}
    m_Modifications:
    - target: {fileID: 5204218880780459207, guid: 2aed6b0f5b6d5fe4292eeee27b1352e9,
        type: 3}
      propertyPath: m_Name
      value: SmallObstacle (8)
      objectReference: {fileID: 0}
    - target: {fileID: 5204218880780459200, guid: 2aed6b0f5b6d5fe4292eeee27b1352e9,
        type: 3}
      propertyPath: m_LocalPosition.x
      value: 66.12
      objectReference: {fileID: 0}
    - target: {fileID: 5204218880780459200, guid: 2aed6b0f5b6d5fe4292eeee27b1352e9,
        type: 3}
      propertyPath: m_LocalPosition.y
      value: 0.008249998
      objectReference: {fileID: 0}
    - target: {fileID: 5204218880780459200, guid: 2aed6b0f5b6d5fe4292eeee27b1352e9,
        type: 3}
      propertyPath: m_LocalPosition.z
      value: 6.35
      objectReference: {fileID: 0}
    - target: {fileID: 5204218880780459200, guid: 2aed6b0f5b6d5fe4292eeee27b1352e9,
        type: 3}
      propertyPath: m_LocalRotation.x
      value: -0
      objectReference: {fileID: 0}
    - target: {fileID: 5204218880780459200, guid: 2aed6b0f5b6d5fe4292eeee27b1352e9,
        type: 3}
      propertyPath: m_LocalRotation.y
      value: -0
      objectReference: {fileID: 0}
    - target: {fileID: 5204218880780459200, guid: 2aed6b0f5b6d5fe4292eeee27b1352e9,
        type: 3}
      propertyPath: m_LocalRotation.z
      value: -0
      objectReference: {fileID: 0}
    - target: {fileID: 5204218880780459200, guid: 2aed6b0f5b6d5fe4292eeee27b1352e9,
        type: 3}
      propertyPath: m_LocalRotation.w
      value: 1
      objectReference: {fileID: 0}
    - target: {fileID: 5204218880780459200, guid: 2aed6b0f5b6d5fe4292eeee27b1352e9,
        type: 3}
      propertyPath: m_RootOrder
      value: 14
      objectReference: {fileID: 0}
    - target: {fileID: 5204218880780459200, guid: 2aed6b0f5b6d5fe4292eeee27b1352e9,
        type: 3}
      propertyPath: m_LocalEulerAnglesHint.x
      value: 0
      objectReference: {fileID: 0}
    - target: {fileID: 5204218880780459200, guid: 2aed6b0f5b6d5fe4292eeee27b1352e9,
        type: 3}
      propertyPath: m_LocalEulerAnglesHint.y
      value: 0
      objectReference: {fileID: 0}
    - target: {fileID: 5204218880780459200, guid: 2aed6b0f5b6d5fe4292eeee27b1352e9,
        type: 3}
      propertyPath: m_LocalEulerAnglesHint.z
      value: 0
      objectReference: {fileID: 0}
    m_RemovedComponents: []
  m_SourcePrefab: {fileID: 100100000, guid: 2aed6b0f5b6d5fe4292eeee27b1352e9, type: 3}
--- !u!1001 &1057353347764250357
PrefabInstance:
  m_ObjectHideFlags: 0
  serializedVersion: 2
  m_Modification:
    m_TransformParent: {fileID: 4458111837515279161}
    m_Modifications:
    - target: {fileID: 5204218880780459207, guid: 2aed6b0f5b6d5fe4292eeee27b1352e9,
        type: 3}
      propertyPath: m_Name
      value: SmallObstacle (3)
      objectReference: {fileID: 0}
    - target: {fileID: 5204218880780459200, guid: 2aed6b0f5b6d5fe4292eeee27b1352e9,
        type: 3}
      propertyPath: m_LocalPosition.x
      value: 13.03
      objectReference: {fileID: 0}
    - target: {fileID: 5204218880780459200, guid: 2aed6b0f5b6d5fe4292eeee27b1352e9,
        type: 3}
      propertyPath: m_LocalPosition.y
      value: 0.008249998
      objectReference: {fileID: 0}
    - target: {fileID: 5204218880780459200, guid: 2aed6b0f5b6d5fe4292eeee27b1352e9,
        type: 3}
      propertyPath: m_LocalPosition.z
      value: 6.01
      objectReference: {fileID: 0}
    - target: {fileID: 5204218880780459200, guid: 2aed6b0f5b6d5fe4292eeee27b1352e9,
        type: 3}
      propertyPath: m_LocalRotation.x
      value: -0
      objectReference: {fileID: 0}
    - target: {fileID: 5204218880780459200, guid: 2aed6b0f5b6d5fe4292eeee27b1352e9,
        type: 3}
      propertyPath: m_LocalRotation.y
      value: -0
      objectReference: {fileID: 0}
    - target: {fileID: 5204218880780459200, guid: 2aed6b0f5b6d5fe4292eeee27b1352e9,
        type: 3}
      propertyPath: m_LocalRotation.z
      value: -0
      objectReference: {fileID: 0}
    - target: {fileID: 5204218880780459200, guid: 2aed6b0f5b6d5fe4292eeee27b1352e9,
        type: 3}
      propertyPath: m_LocalRotation.w
      value: 1
      objectReference: {fileID: 0}
    - target: {fileID: 5204218880780459200, guid: 2aed6b0f5b6d5fe4292eeee27b1352e9,
        type: 3}
      propertyPath: m_RootOrder
      value: 9
      objectReference: {fileID: 0}
    - target: {fileID: 5204218880780459200, guid: 2aed6b0f5b6d5fe4292eeee27b1352e9,
        type: 3}
      propertyPath: m_LocalEulerAnglesHint.x
      value: 0
      objectReference: {fileID: 0}
    - target: {fileID: 5204218880780459200, guid: 2aed6b0f5b6d5fe4292eeee27b1352e9,
        type: 3}
      propertyPath: m_LocalEulerAnglesHint.y
      value: 0
      objectReference: {fileID: 0}
    - target: {fileID: 5204218880780459200, guid: 2aed6b0f5b6d5fe4292eeee27b1352e9,
        type: 3}
      propertyPath: m_LocalEulerAnglesHint.z
      value: 0
      objectReference: {fileID: 0}
    m_RemovedComponents: []
  m_SourcePrefab: {fileID: 100100000, guid: 2aed6b0f5b6d5fe4292eeee27b1352e9, type: 3}
--- !u!1001 &1282551308739897864
PrefabInstance:
  m_ObjectHideFlags: 0
  serializedVersion: 2
  m_Modification:
    m_TransformParent: {fileID: 4458111837515279161}
    m_Modifications:
    - target: {fileID: 5204218880780459207, guid: 2aed6b0f5b6d5fe4292eeee27b1352e9,
        type: 3}
      propertyPath: m_Name
      value: SmallObstacle (4)
      objectReference: {fileID: 0}
    - target: {fileID: 5204218880780459200, guid: 2aed6b0f5b6d5fe4292eeee27b1352e9,
        type: 3}
      propertyPath: m_LocalPosition.x
      value: 22.08
      objectReference: {fileID: 0}
    - target: {fileID: 5204218880780459200, guid: 2aed6b0f5b6d5fe4292eeee27b1352e9,
        type: 3}
      propertyPath: m_LocalPosition.y
      value: 0.008249998
      objectReference: {fileID: 0}
    - target: {fileID: 5204218880780459200, guid: 2aed6b0f5b6d5fe4292eeee27b1352e9,
        type: 3}
      propertyPath: m_LocalPosition.z
      value: 9.08
      objectReference: {fileID: 0}
    - target: {fileID: 5204218880780459200, guid: 2aed6b0f5b6d5fe4292eeee27b1352e9,
        type: 3}
      propertyPath: m_LocalRotation.x
      value: -0
      objectReference: {fileID: 0}
    - target: {fileID: 5204218880780459200, guid: 2aed6b0f5b6d5fe4292eeee27b1352e9,
        type: 3}
      propertyPath: m_LocalRotation.y
      value: -0
      objectReference: {fileID: 0}
    - target: {fileID: 5204218880780459200, guid: 2aed6b0f5b6d5fe4292eeee27b1352e9,
        type: 3}
      propertyPath: m_LocalRotation.z
      value: -0
      objectReference: {fileID: 0}
    - target: {fileID: 5204218880780459200, guid: 2aed6b0f5b6d5fe4292eeee27b1352e9,
        type: 3}
      propertyPath: m_LocalRotation.w
      value: 1
      objectReference: {fileID: 0}
    - target: {fileID: 5204218880780459200, guid: 2aed6b0f5b6d5fe4292eeee27b1352e9,
        type: 3}
      propertyPath: m_RootOrder
      value: 10
      objectReference: {fileID: 0}
    - target: {fileID: 5204218880780459200, guid: 2aed6b0f5b6d5fe4292eeee27b1352e9,
        type: 3}
      propertyPath: m_LocalEulerAnglesHint.x
      value: 0
      objectReference: {fileID: 0}
    - target: {fileID: 5204218880780459200, guid: 2aed6b0f5b6d5fe4292eeee27b1352e9,
        type: 3}
      propertyPath: m_LocalEulerAnglesHint.y
      value: 0
      objectReference: {fileID: 0}
    - target: {fileID: 5204218880780459200, guid: 2aed6b0f5b6d5fe4292eeee27b1352e9,
        type: 3}
      propertyPath: m_LocalEulerAnglesHint.z
      value: 0
      objectReference: {fileID: 0}
    m_RemovedComponents: []
  m_SourcePrefab: {fileID: 100100000, guid: 2aed6b0f5b6d5fe4292eeee27b1352e9, type: 3}
--- !u!1001 &1458184208845399701
PrefabInstance:
  m_ObjectHideFlags: 0
  serializedVersion: 2
  m_Modification:
    m_TransformParent: {fileID: 4458111837515279161}
    m_Modifications:
    - target: {fileID: 5204218880780459207, guid: 2aed6b0f5b6d5fe4292eeee27b1352e9,
        type: 3}
      propertyPath: m_Name
      value: SmallObstacle (5)
      objectReference: {fileID: 0}
    - target: {fileID: 5204218880780459200, guid: 2aed6b0f5b6d5fe4292eeee27b1352e9,
        type: 3}
      propertyPath: m_LocalPosition.x
      value: 36.16
      objectReference: {fileID: 0}
    - target: {fileID: 5204218880780459200, guid: 2aed6b0f5b6d5fe4292eeee27b1352e9,
        type: 3}
      propertyPath: m_LocalPosition.y
      value: 0.008249998
      objectReference: {fileID: 0}
    - target: {fileID: 5204218880780459200, guid: 2aed6b0f5b6d5fe4292eeee27b1352e9,
        type: 3}
      propertyPath: m_LocalPosition.z
      value: 2.83
      objectReference: {fileID: 0}
    - target: {fileID: 5204218880780459200, guid: 2aed6b0f5b6d5fe4292eeee27b1352e9,
        type: 3}
      propertyPath: m_LocalRotation.x
      value: -0
      objectReference: {fileID: 0}
    - target: {fileID: 5204218880780459200, guid: 2aed6b0f5b6d5fe4292eeee27b1352e9,
        type: 3}
      propertyPath: m_LocalRotation.y
      value: -0
      objectReference: {fileID: 0}
    - target: {fileID: 5204218880780459200, guid: 2aed6b0f5b6d5fe4292eeee27b1352e9,
        type: 3}
      propertyPath: m_LocalRotation.z
      value: -0
      objectReference: {fileID: 0}
    - target: {fileID: 5204218880780459200, guid: 2aed6b0f5b6d5fe4292eeee27b1352e9,
        type: 3}
      propertyPath: m_LocalRotation.w
      value: 1
      objectReference: {fileID: 0}
    - target: {fileID: 5204218880780459200, guid: 2aed6b0f5b6d5fe4292eeee27b1352e9,
        type: 3}
      propertyPath: m_RootOrder
      value: 11
      objectReference: {fileID: 0}
    - target: {fileID: 5204218880780459200, guid: 2aed6b0f5b6d5fe4292eeee27b1352e9,
        type: 3}
      propertyPath: m_LocalEulerAnglesHint.x
      value: 0
      objectReference: {fileID: 0}
    - target: {fileID: 5204218880780459200, guid: 2aed6b0f5b6d5fe4292eeee27b1352e9,
        type: 3}
      propertyPath: m_LocalEulerAnglesHint.y
      value: 0
      objectReference: {fileID: 0}
    - target: {fileID: 5204218880780459200, guid: 2aed6b0f5b6d5fe4292eeee27b1352e9,
        type: 3}
      propertyPath: m_LocalEulerAnglesHint.z
      value: 0
      objectReference: {fileID: 0}
    m_RemovedComponents: []
  m_SourcePrefab: {fileID: 100100000, guid: 2aed6b0f5b6d5fe4292eeee27b1352e9, type: 3}
--- !u!1001 &2914637466724778398
PrefabInstance:
  m_ObjectHideFlags: 0
  serializedVersion: 2
  m_Modification:
    m_TransformParent: {fileID: 4458111837515279161}
    m_Modifications:
    - target: {fileID: 5204218880780459207, guid: 2aed6b0f5b6d5fe4292eeee27b1352e9,
        type: 3}
      propertyPath: m_Name
      value: SmallObstacle (6)
      objectReference: {fileID: 0}
    - target: {fileID: 5204218880780459200, guid: 2aed6b0f5b6d5fe4292eeee27b1352e9,
        type: 3}
      propertyPath: m_LocalPosition.x
      value: 22.44
      objectReference: {fileID: 0}
    - target: {fileID: 5204218880780459200, guid: 2aed6b0f5b6d5fe4292eeee27b1352e9,
        type: 3}
      propertyPath: m_LocalPosition.y
      value: 0.008249998
      objectReference: {fileID: 0}
    - target: {fileID: 5204218880780459200, guid: 2aed6b0f5b6d5fe4292eeee27b1352e9,
        type: 3}
      propertyPath: m_LocalPosition.z
      value: -0.28
      objectReference: {fileID: 0}
    - target: {fileID: 5204218880780459200, guid: 2aed6b0f5b6d5fe4292eeee27b1352e9,
        type: 3}
      propertyPath: m_LocalRotation.x
      value: -0
      objectReference: {fileID: 0}
    - target: {fileID: 5204218880780459200, guid: 2aed6b0f5b6d5fe4292eeee27b1352e9,
        type: 3}
      propertyPath: m_LocalRotation.y
      value: -0
      objectReference: {fileID: 0}
    - target: {fileID: 5204218880780459200, guid: 2aed6b0f5b6d5fe4292eeee27b1352e9,
        type: 3}
      propertyPath: m_LocalRotation.z
      value: -0
      objectReference: {fileID: 0}
    - target: {fileID: 5204218880780459200, guid: 2aed6b0f5b6d5fe4292eeee27b1352e9,
        type: 3}
      propertyPath: m_LocalRotation.w
      value: 1
      objectReference: {fileID: 0}
    - target: {fileID: 5204218880780459200, guid: 2aed6b0f5b6d5fe4292eeee27b1352e9,
        type: 3}
      propertyPath: m_RootOrder
      value: 12
      objectReference: {fileID: 0}
    - target: {fileID: 5204218880780459200, guid: 2aed6b0f5b6d5fe4292eeee27b1352e9,
        type: 3}
      propertyPath: m_LocalEulerAnglesHint.x
      value: 0
      objectReference: {fileID: 0}
    - target: {fileID: 5204218880780459200, guid: 2aed6b0f5b6d5fe4292eeee27b1352e9,
        type: 3}
      propertyPath: m_LocalEulerAnglesHint.y
      value: 0
      objectReference: {fileID: 0}
    - target: {fileID: 5204218880780459200, guid: 2aed6b0f5b6d5fe4292eeee27b1352e9,
        type: 3}
      propertyPath: m_LocalEulerAnglesHint.z
      value: 0
      objectReference: {fileID: 0}
    m_RemovedComponents: []
  m_SourcePrefab: {fileID: 100100000, guid: 2aed6b0f5b6d5fe4292eeee27b1352e9, type: 3}
--- !u!1001 &3596623452798346472
PrefabInstance:
  m_ObjectHideFlags: 0
  serializedVersion: 2
  m_Modification:
    m_TransformParent: {fileID: 4458111837515279161}
    m_Modifications:
    - target: {fileID: 5204218880780459207, guid: 2aed6b0f5b6d5fe4292eeee27b1352e9,
        type: 3}
      propertyPath: m_Name
      value: SmallObstacle (7)
      objectReference: {fileID: 0}
    - target: {fileID: 5204218880780459200, guid: 2aed6b0f5b6d5fe4292eeee27b1352e9,
        type: 3}
      propertyPath: m_LocalPosition.x
      value: 51.51
      objectReference: {fileID: 0}
    - target: {fileID: 5204218880780459200, guid: 2aed6b0f5b6d5fe4292eeee27b1352e9,
        type: 3}
      propertyPath: m_LocalPosition.y
      value: 0.008249998
      objectReference: {fileID: 0}
    - target: {fileID: 5204218880780459200, guid: 2aed6b0f5b6d5fe4292eeee27b1352e9,
        type: 3}
      propertyPath: m_LocalPosition.z
      value: 8.99
      objectReference: {fileID: 0}
    - target: {fileID: 5204218880780459200, guid: 2aed6b0f5b6d5fe4292eeee27b1352e9,
        type: 3}
      propertyPath: m_LocalRotation.x
      value: -0
      objectReference: {fileID: 0}
    - target: {fileID: 5204218880780459200, guid: 2aed6b0f5b6d5fe4292eeee27b1352e9,
        type: 3}
      propertyPath: m_LocalRotation.y
      value: -0
      objectReference: {fileID: 0}
    - target: {fileID: 5204218880780459200, guid: 2aed6b0f5b6d5fe4292eeee27b1352e9,
        type: 3}
      propertyPath: m_LocalRotation.z
      value: -0
      objectReference: {fileID: 0}
    - target: {fileID: 5204218880780459200, guid: 2aed6b0f5b6d5fe4292eeee27b1352e9,
        type: 3}
      propertyPath: m_LocalRotation.w
      value: 1
      objectReference: {fileID: 0}
    - target: {fileID: 5204218880780459200, guid: 2aed6b0f5b6d5fe4292eeee27b1352e9,
        type: 3}
      propertyPath: m_RootOrder
      value: 13
      objectReference: {fileID: 0}
    - target: {fileID: 5204218880780459200, guid: 2aed6b0f5b6d5fe4292eeee27b1352e9,
        type: 3}
      propertyPath: m_LocalEulerAnglesHint.x
      value: 0
      objectReference: {fileID: 0}
    - target: {fileID: 5204218880780459200, guid: 2aed6b0f5b6d5fe4292eeee27b1352e9,
        type: 3}
      propertyPath: m_LocalEulerAnglesHint.y
      value: 0
      objectReference: {fileID: 0}
    - target: {fileID: 5204218880780459200, guid: 2aed6b0f5b6d5fe4292eeee27b1352e9,
        type: 3}
      propertyPath: m_LocalEulerAnglesHint.z
      value: 0
      objectReference: {fileID: 0}
    m_RemovedComponents: []
  m_SourcePrefab: {fileID: 100100000, guid: 2aed6b0f5b6d5fe4292eeee27b1352e9, type: 3}
--- !u!1001 &3827075085534790694
PrefabInstance:
  m_ObjectHideFlags: 0
  serializedVersion: 2
  m_Modification:
    m_TransformParent: {fileID: 4458111837515279161}
    m_Modifications:
    - target: {fileID: 5204218880780459207, guid: 2aed6b0f5b6d5fe4292eeee27b1352e9,
        type: 3}
      propertyPath: m_Name
      value: SmallObstacle (2)
      objectReference: {fileID: 0}
    - target: {fileID: 5204218880780459200, guid: 2aed6b0f5b6d5fe4292eeee27b1352e9,
        type: 3}
      propertyPath: m_LocalPosition.x
      value: -1.39
      objectReference: {fileID: 0}
    - target: {fileID: 5204218880780459200, guid: 2aed6b0f5b6d5fe4292eeee27b1352e9,
        type: 3}
      propertyPath: m_LocalPosition.y
      value: 0.008249998
      objectReference: {fileID: 0}
    - target: {fileID: 5204218880780459200, guid: 2aed6b0f5b6d5fe4292eeee27b1352e9,
        type: 3}
      propertyPath: m_LocalPosition.z
      value: 5.9
      objectReference: {fileID: 0}
    - target: {fileID: 5204218880780459200, guid: 2aed6b0f5b6d5fe4292eeee27b1352e9,
        type: 3}
      propertyPath: m_LocalRotation.x
      value: -0
      objectReference: {fileID: 0}
    - target: {fileID: 5204218880780459200, guid: 2aed6b0f5b6d5fe4292eeee27b1352e9,
        type: 3}
      propertyPath: m_LocalRotation.y
      value: -0
      objectReference: {fileID: 0}
    - target: {fileID: 5204218880780459200, guid: 2aed6b0f5b6d5fe4292eeee27b1352e9,
        type: 3}
      propertyPath: m_LocalRotation.z
      value: -0
      objectReference: {fileID: 0}
    - target: {fileID: 5204218880780459200, guid: 2aed6b0f5b6d5fe4292eeee27b1352e9,
        type: 3}
      propertyPath: m_LocalRotation.w
      value: 1
      objectReference: {fileID: 0}
    - target: {fileID: 5204218880780459200, guid: 2aed6b0f5b6d5fe4292eeee27b1352e9,
        type: 3}
      propertyPath: m_RootOrder
      value: 8
      objectReference: {fileID: 0}
    - target: {fileID: 5204218880780459200, guid: 2aed6b0f5b6d5fe4292eeee27b1352e9,
        type: 3}
      propertyPath: m_LocalEulerAnglesHint.x
      value: 0
      objectReference: {fileID: 0}
    - target: {fileID: 5204218880780459200, guid: 2aed6b0f5b6d5fe4292eeee27b1352e9,
        type: 3}
      propertyPath: m_LocalEulerAnglesHint.y
      value: 0
      objectReference: {fileID: 0}
    - target: {fileID: 5204218880780459200, guid: 2aed6b0f5b6d5fe4292eeee27b1352e9,
        type: 3}
      propertyPath: m_LocalEulerAnglesHint.z
      value: 0
      objectReference: {fileID: 0}
    m_RemovedComponents: []
  m_SourcePrefab: {fileID: 100100000, guid: 2aed6b0f5b6d5fe4292eeee27b1352e9, type: 3}
--- !u!1001 &3884955285133568716
PrefabInstance:
  m_ObjectHideFlags: 0
  serializedVersion: 2
  m_Modification:
    m_TransformParent: {fileID: 4458111837515279161}
    m_Modifications:
    - target: {fileID: 5204218880780459207, guid: 2aed6b0f5b6d5fe4292eeee27b1352e9,
        type: 3}
      propertyPath: m_Name
      value: SmallObstacle
      objectReference: {fileID: 0}
    - target: {fileID: 5204218880780459200, guid: 2aed6b0f5b6d5fe4292eeee27b1352e9,
        type: 3}
      propertyPath: m_LocalPosition.x
      value: -20.34
      objectReference: {fileID: 0}
    - target: {fileID: 5204218880780459200, guid: 2aed6b0f5b6d5fe4292eeee27b1352e9,
        type: 3}
      propertyPath: m_LocalPosition.y
      value: 0.008249998
      objectReference: {fileID: 0}
    - target: {fileID: 5204218880780459200, guid: 2aed6b0f5b6d5fe4292eeee27b1352e9,
        type: 3}
      propertyPath: m_LocalPosition.z
      value: 3.04
      objectReference: {fileID: 0}
    - target: {fileID: 5204218880780459200, guid: 2aed6b0f5b6d5fe4292eeee27b1352e9,
        type: 3}
      propertyPath: m_LocalRotation.x
      value: -0
      objectReference: {fileID: 0}
    - target: {fileID: 5204218880780459200, guid: 2aed6b0f5b6d5fe4292eeee27b1352e9,
        type: 3}
      propertyPath: m_LocalRotation.y
      value: -0
      objectReference: {fileID: 0}
    - target: {fileID: 5204218880780459200, guid: 2aed6b0f5b6d5fe4292eeee27b1352e9,
        type: 3}
      propertyPath: m_LocalRotation.z
      value: -0
      objectReference: {fileID: 0}
    - target: {fileID: 5204218880780459200, guid: 2aed6b0f5b6d5fe4292eeee27b1352e9,
        type: 3}
      propertyPath: m_LocalRotation.w
      value: 1
      objectReference: {fileID: 0}
    - target: {fileID: 5204218880780459200, guid: 2aed6b0f5b6d5fe4292eeee27b1352e9,
        type: 3}
      propertyPath: m_RootOrder
      value: 6
      objectReference: {fileID: 0}
    - target: {fileID: 5204218880780459200, guid: 2aed6b0f5b6d5fe4292eeee27b1352e9,
        type: 3}
      propertyPath: m_LocalEulerAnglesHint.x
      value: 0
      objectReference: {fileID: 0}
    - target: {fileID: 5204218880780459200, guid: 2aed6b0f5b6d5fe4292eeee27b1352e9,
        type: 3}
      propertyPath: m_LocalEulerAnglesHint.y
      value: 0
      objectReference: {fileID: 0}
    - target: {fileID: 5204218880780459200, guid: 2aed6b0f5b6d5fe4292eeee27b1352e9,
        type: 3}
      propertyPath: m_LocalEulerAnglesHint.z
      value: 0
      objectReference: {fileID: 0}
    m_RemovedComponents: []
  m_SourcePrefab: {fileID: 100100000, guid: 2aed6b0f5b6d5fe4292eeee27b1352e9, type: 3}
--- !u!1001 &4242301754111230020
PrefabInstance:
  m_ObjectHideFlags: 0
  serializedVersion: 2
  m_Modification:
    m_TransformParent: {fileID: 4458111837515279161}
    m_Modifications:
    - target: {fileID: 5204218880780459207, guid: 2aed6b0f5b6d5fe4292eeee27b1352e9,
        type: 3}
      propertyPath: m_Name
      value: SmallObstacle (1)
      objectReference: {fileID: 0}
    - target: {fileID: 5204218880780459200, guid: 2aed6b0f5b6d5fe4292eeee27b1352e9,
        type: 3}
      propertyPath: m_LocalPosition.x
      value: -13
      objectReference: {fileID: 0}
    - target: {fileID: 5204218880780459200, guid: 2aed6b0f5b6d5fe4292eeee27b1352e9,
        type: 3}
      propertyPath: m_LocalPosition.y
      value: 0.008249998
      objectReference: {fileID: 0}
    - target: {fileID: 5204218880780459200, guid: 2aed6b0f5b6d5fe4292eeee27b1352e9,
        type: 3}
      propertyPath: m_LocalPosition.z
      value: -0.1
      objectReference: {fileID: 0}
    - target: {fileID: 5204218880780459200, guid: 2aed6b0f5b6d5fe4292eeee27b1352e9,
        type: 3}
      propertyPath: m_LocalRotation.x
      value: -0
      objectReference: {fileID: 0}
    - target: {fileID: 5204218880780459200, guid: 2aed6b0f5b6d5fe4292eeee27b1352e9,
        type: 3}
      propertyPath: m_LocalRotation.y
      value: -0
      objectReference: {fileID: 0}
    - target: {fileID: 5204218880780459200, guid: 2aed6b0f5b6d5fe4292eeee27b1352e9,
        type: 3}
      propertyPath: m_LocalRotation.z
      value: -0
      objectReference: {fileID: 0}
    - target: {fileID: 5204218880780459200, guid: 2aed6b0f5b6d5fe4292eeee27b1352e9,
        type: 3}
      propertyPath: m_LocalRotation.w
      value: 1
      objectReference: {fileID: 0}
    - target: {fileID: 5204218880780459200, guid: 2aed6b0f5b6d5fe4292eeee27b1352e9,
        type: 3}
      propertyPath: m_RootOrder
      value: 7
      objectReference: {fileID: 0}
    - target: {fileID: 5204218880780459200, guid: 2aed6b0f5b6d5fe4292eeee27b1352e9,
        type: 3}
      propertyPath: m_LocalEulerAnglesHint.x
      value: 0
      objectReference: {fileID: 0}
    - target: {fileID: 5204218880780459200, guid: 2aed6b0f5b6d5fe4292eeee27b1352e9,
        type: 3}
      propertyPath: m_LocalEulerAnglesHint.y
      value: 0
      objectReference: {fileID: 0}
    - target: {fileID: 5204218880780459200, guid: 2aed6b0f5b6d5fe4292eeee27b1352e9,
        type: 3}
      propertyPath: m_LocalEulerAnglesHint.z
      value: 0
      objectReference: {fileID: 0}
    m_RemovedComponents: []
  m_SourcePrefab: {fileID: 100100000, guid: 2aed6b0f5b6d5fe4292eeee27b1352e9, type: 3}
--- !u!1001 &8688737850013522376
PrefabInstance:
  m_ObjectHideFlags: 0
  serializedVersion: 2
  m_Modification:
    m_TransformParent: {fileID: 0}
    m_Modifications:
    - target: {fileID: 4993080294161773296, guid: 60c5d86fff61dbe4c83cf0477f8fdcc9,
        type: 3}
      propertyPath: m_Name
      value: With some Obstacles
      objectReference: {fileID: 0}
    - target: {fileID: 4993080294161773297, guid: 60c5d86fff61dbe4c83cf0477f8fdcc9,
        type: 3}
      propertyPath: m_LocalPosition.x
      value: 0
      objectReference: {fileID: 0}
    - target: {fileID: 4993080294161773297, guid: 60c5d86fff61dbe4c83cf0477f8fdcc9,
        type: 3}
      propertyPath: m_LocalPosition.y
      value: 0
      objectReference: {fileID: 0}
    - target: {fileID: 4993080294161773297, guid: 60c5d86fff61dbe4c83cf0477f8fdcc9,
        type: 3}
      propertyPath: m_LocalPosition.z
      value: 0
      objectReference: {fileID: 0}
    - target: {fileID: 4993080294161773297, guid: 60c5d86fff61dbe4c83cf0477f8fdcc9,
        type: 3}
      propertyPath: m_LocalRotation.x
      value: 0
      objectReference: {fileID: 0}
    - target: {fileID: 4993080294161773297, guid: 60c5d86fff61dbe4c83cf0477f8fdcc9,
        type: 3}
      propertyPath: m_LocalRotation.y
      value: 0
      objectReference: {fileID: 0}
    - target: {fileID: 4993080294161773297, guid: 60c5d86fff61dbe4c83cf0477f8fdcc9,
        type: 3}
      propertyPath: m_LocalRotation.z
      value: 0
      objectReference: {fileID: 0}
    - target: {fileID: 4993080294161773297, guid: 60c5d86fff61dbe4c83cf0477f8fdcc9,
        type: 3}
      propertyPath: m_LocalRotation.w
      value: 1
      objectReference: {fileID: 0}
    - target: {fileID: 4993080294161773297, guid: 60c5d86fff61dbe4c83cf0477f8fdcc9,
        type: 3}
      propertyPath: m_RootOrder
      value: 0
      objectReference: {fileID: 0}
    - target: {fileID: 4993080294161773297, guid: 60c5d86fff61dbe4c83cf0477f8fdcc9,
        type: 3}
      propertyPath: m_LocalEulerAnglesHint.x
      value: 0
      objectReference: {fileID: 0}
    - target: {fileID: 4993080294161773297, guid: 60c5d86fff61dbe4c83cf0477f8fdcc9,
        type: 3}
      propertyPath: m_LocalEulerAnglesHint.y
      value: 0
      objectReference: {fileID: 0}
    - target: {fileID: 4993080294161773297, guid: 60c5d86fff61dbe4c83cf0477f8fdcc9,
        type: 3}
      propertyPath: m_LocalEulerAnglesHint.z
      value: 0
      objectReference: {fileID: 0}
    m_RemovedComponents: []
  m_SourcePrefab: {fileID: 100100000, guid: 60c5d86fff61dbe4c83cf0477f8fdcc9, type: 3}
--- !u!4 &4458111837515279161 stripped
Transform:
  m_CorrespondingSourceObject: {fileID: 4993080294161773297, guid: 60c5d86fff61dbe4c83cf0477f8fdcc9,
    type: 3}
  m_PrefabInstance: {fileID: 8688737850013522376}
  m_PrefabAsset: {fileID: 0}
